2502 4774
78 317 177 383 auc.
432 315 697 396 =
892 290 978 386 135

78 517 202 604 batur,
230 517 331 606 quod
343 517 483 587 Bardus
501 539 624 606 neque
635 517 862 610 'religionem
877 521 1040 612 amplec-

77 616 125 699 ti,
147 639 268 706 neque
281 642 344 688 me
357 617 555 688 convenire
569 618 669 702 vult,
705 618 762 686 bis
779 620 825 687 ad
843 643 930 689 eum
950 621 1039 690 duo-
1069 695 1072 702 ,

79 715 194 784 decim
209 715 311 786 viros'
328 719 431 807 misi,
456 717 609 790 nemine
626 732 848 788 revertente.
917 721 1039 792 Thor-

76 816 200 886 valdus
211 841 323 886 :num
332 817 469 888 Bardus
485 817 557 886 iste
569 819 756 889 sacrificiis
767 819 1038 888 admodumde-

77 913 171 983 ditus
185 917 262 985 est?
311 921 410 990 Rex:
436 919 550 1012 vulgo
566 919 749 1007 nesciunt,
775 919 1038 991 nullumenim

76 1030 131 1084 est
145 1015 283 1086 lanum-
296 1017 343 1086 ad
359 1021 487 1089 villam
505 1020 604 1106 ejus3
645 1019 785 1091 Bardus
809 1041 897 1088 vero
923 1020 1036 1111 vulgo

73 1116 158 1184 miri
169 1117 313 1210 ingenii
328 1120 507 1208 habetur,
534 1120 691 1212 ejusque
707 1119 792 1190 vitae
811 1132 922 1192 tenor
941 1131 979 1188 et
1000 1141 1037 1187 at-
1101 1155 1104 1164 ι

74 1215 183 1318 gandi
196 1217 291 1286 ratio
309 1219 524 1290 hominibus
539 1241 674 1310 parurn
693 1234 781 1292 nota
796 1232 862 1292 est.
915 1219 1036 1292 Thor-

73 1315 216 1386 valdus:
251 1319 426 1408 equidem
446 1320 580 1390 lubens
596 1319 767 1391 laetitiam
781 1319 852 1392 tibi
867 1317 1036 1389 reddide-

73 1415 155 1505 rim,
175 1417 343 1488 domine!
369 1440 472 1490 nunc
486 1420 649 1492 Bardum
662 1433 889 1492 conventum
903 1418 985 1506 ibo,
1004 1418 1036 1488 si

72 1516 145 1605 via,
188 1517 368 1609 quicquid
393 1519 547 1589 demum
575 1519 731 1614 insuper
752 1518 850 1588 effici
873 1517 1032 1586 dabitur.
1100 1577 1104 1598 ,

69 1618 148 1687 Rex
167 1616 207 1686 id
224 1639 264 1686 se
282 1619 378 1690 velle
405 1619 647 1692 confirmavit.
708 1618 868 1712 Helgius
891 1617 962 1686 hac
991 1637 1034 1686 re

67 1718 212 1792 laetatus
236 1731 311 1807 est,
344 1740 515 1810 sperans,
542 1719 801 1793 Thorvaldum
819 1740 897 1789 non
914 1715 1033 1811 magis

69 1818 295 1906 rediturum,
328 1842 440 1913 quam
461 1833 621 1908 ceterae,
650 1819 716 1912 qui
734 1819 806 1890 hoc
820 1818 892 1886 iter
910 1838 1033 1886 susce·

67 1920 216 2010 pissent.
269 1919 418 1992 Deinde
435 1920 669 1995 Thorvaldus
686 1919 759 1988 iter
772 1917 926 2010 paravit,
942 1929 1034 2007 quot

67 2021 198 2108 vellet,
222 2019 378 2090 comites
396 2019 466 2091 sibi
488 2020 710 2112 adjungere,
744 2044 765 2088 a
789 2038 879 2112 rege
896 2019 1030 2104 jussus.

67 2119 298 2192 Thorvaldus
313 2119 531 2212 respondet:
559 2120 762 2212 Sigurdum
778 2139 1033 2188 consessorem

65 2243 195 2288 meum
213 2219 333 2290 fidum
357 2234 394 2288 et
415 2221 557 2292 bonum
585 2220 709 2290 virum
731 2230 904 2310 expertus
935 2239 1030 2304 sum,
1084 2213 1097 2250 ''

66 2343 179 2410 quare
196 2320 330 2409 velim,
356 2320 447 2391 ntis
465 2343 526 2390 me
550 2319 771 2405 comitetur,
799 2339 923 2410 neque
947 2317 1031 2406 plu·

64 2443 141 2505 res,
165 2433 231 2490 tua
249 2421 362 2510 enim,
381 2444 402 2488 ο
417 2421 503 2490 rex!
529 2419 660 2510 coeptis
675 2418 866 2512 adspirans
880 2415 1031 2485 fortuna

62 2523 149 2611 plus
163 2520 319 2610 valebit,
354 2543 467 2615 quam
480 2520 550 2591 viri
570 2520 724 2610 aliquot.
783 2521 863 2591 Rex
878 2537 1030 2606 respon·

65 2622 142 2689 det:
167 2642 236 2715 ego
259 2621 379 2712 (sane)
394 2621 693 2692 benevolentiam
710 2641 833 2690 meam
846 2615 952 2684 vobis
968 2614 1030 2684 ad-

61 2722 236 2815 jungam,
263 2721 328 2790 sed
341 2722 490 2793 mittam
507 2741 569 2789 vos
580 2721 627 2791 ad
640 2721 816 2790 colonum
829 2715 1028 2808 quendam,

61 2822 215 2891 nomine
239 2823 431 2911 Bjornem,
468 2821 569 2892 haud
588 2821 723 2912 procul
748 2816 903 2889 aBardo
924 2815 1029 2883 habi·

61 2937 225 3008 tantem:
258 2945 372 3014 quem
400 2924 517 2992 talem
542 2943 621 2990 esse
646 2918 790 3008 judico,
834 2917 900 3008 qui
923 2914 1028 2983 vobis

60 3022 204 3113 aliquid
229 3022 275 3090 de
299 3021 563 3093 consvetudine
590 3019 700 3092 Bardi
719 3016 877 3104 referre,
903 3037 1026 3105 eoque

59 3123 160 3192 viem
178 3135 386 3193 monstrare
407 3121 564 3194 noverit.
629 3118 776 3190 Deinde
800 3114 959 3207 profecti
983 3113 1029 3182 ad

58 3223 236 3308 Bjdmem
260 3223 435 3312 veniunt,
474 3221 622 3312 quiens
644 3220 740 3290 bene
763 3215 926 3307 accepit,
960 3213 1027 3280 ubi

57 3323 163 3392 novit
179 3324 302 3416 regios
317 3323 397 3392 esse
410 3325 563 3417 legatos.
616 3323 674 3392 De
689 3317 825 3388 aedium
842 3314 1028 3382 ratione&
1044 3378 1047 3386 ,

58 3423 328 3494 consvetudine
343 3423 452 3495 Bardi
470 3419 704 3512 scitantibus,
723 3419 835 3503 Bj'orn
848 3413 910 3503 ait,
928 3413 1027 3482 miro

56 3523 169 3592 modo
193 3545 254 3592 res
275 3525 354 3611 ejus
376 3523 599 3618 procedere:
635 3518 710 3615 „ibi
731 3516 828 3590 nulli
851 3514 1025 3585 homines

55 3623 426 3713 animadvertuntur,
453 3637 540 3691 cum
560 3643 604 3690 eo
621 3633 777 3690 ventum
795 3630 869 3699 est:
898 3613 1025 3684 omnia

54 3739 185 3795 tamen
204 3717 478 3818 negotiabene
503 3733 616 3813 atque
646 3720 776 3789 ordine
804 3709 1023 3808 geruntur.’'

53 3829 196 3915 Noctu,
231 3847 318 3894 curn
340 3847 470 3895 somno
495 3845 534 3890 se
559 3819 763 3907 dedissent,
790 3814 1024 3888 Thorvaldus

54 3926 246 3996 somnians
261 3926 388 3995 videre
406 3924 476 3993 sibi
488 3922 587 3992 visus
604 3935 659 3990 est
670 3916 967 4010 Olavumregem
978 3914 1025 3982 ad

52 4050 94 4096 se
118 4028 378 4114 accedentem,
402 4026 683 4114 dicentemque:
713 4017 902 4105 invenies,
935 4037 1024 4084 cum

54 4139 297 4220 experrectus
314 4149 445 4197 somno
466 4123 604 4214 fueris,
626 4122 673 4192 ad
684 4133 797 4212 caput
810 4132 921 4188 tuum
938 4113 1023 4184 lim·
