2502 4774
31 259 129 350 toou
380 252 647 320 ===
691 181 695 200 Ι
842 239 929 346 139

30 469 159 544 honori
176 483 243 538 tuo
259 466 404 552 deesse3
430 491 667 560 nequaquam
683 466 774 538 adeo
791 467 916 538 timidi
929 493 989 540 su·-

30 596 127 661 mus,
153 587 198 642 ut
209 569 309 662 regis
326 568 501 638 mandato
516 567 670 662 defungi
685 570 986 642 nonaudeamus.

30 679 106 744 lam
122 687 160 742 te
176 684 325 744 oratum
338 671 447 758 volo,
473 683 517 738 ut
533 685 663 761 sponte
680 685 745 738 tua
763 693 913 738 mecum
930 693 988 740 re-

30 794 111 865 gem
126 771 244 842 adeas.
272 769 412 842 Bardus
434 771 619 862 loquitur:
643 793 709 840 cur
724 794 800 840 non
811 769 989 860 rneprius

29 874 254 965 interrogas,
296 893 369 962 qua
388 871 575 964 religione
600 870 709 940 utar?
773 870 869 964 Quia
891 870 987 940 scire

30 997 100 1042 non
115 996 224 1060 aveo,
251 971 302 1039 ait
319 969 563 1044 Thorvaldus
615 971 753 1040 Bardus
769 971 837 1040 ait:
852 983 988 1058 notum

29 1086 147 1142 tamen
163 1072 233 1142 tibi
249 1071 371 1144 facere
386 1073 486 1162 v010,
521 1095 582 1142 me
603 1095 680 1142 non
698 1071 906 1140 simulacris
923 1085 988 1148 ant

31 1171 180 1250 diabolis
194 1171 309 1268 fidem
325 1171 484 1255 habere,
510 1171 628 1240 varias
644 1185 762 1243 terras
775 1171 985 1262 peragravi,

28 1272 109 1340 viris
123 1272 290 1366 gigantei
299 1265 442 1344 roboris
457 1285 494 1340 et
508 1273 730 1363 aethiopibus
741 1271 904 1358 occurri,
920 1271 993 1360 qui*

29 1395 84 1440 me
103 1373 319 1464 opprimere,
336 1396 414 1442 non
437 1387 664 1464 potuerunt,
698 1391 811 1464 quare
836 1371 901 1442 diu
925 1393 985 1453 ro-

27 1471 111 1540 bore
126 1495 212 1540 meo
232 1485 269 1542 et
281 1473 423 1545 viribus
439 1474 597 1542 conlisus
614 1496 715 1564 sum,
740 1495 783 1542 ea
797 1471 984 1540 verolides

27 1595 120 1640 nunc
143 1595 206 1642 me
229 1572 352 1666 prima
368 1572 449 1642 vice
471 1573 659 1664 insperato
676 1571 831 1654 fefellit5
870 1587 984 1662 atque

27 1670 212 1766 intelligo,
240 1673 271 1742 si
287 1687 353 1746 tua
370 1673 485 1742 solius
498 1674 635 1750 virtute
647 1675 749 1744 nisus
761 1671 906 1760 fuisses,
920 1695 983 1742 ma
1092 1722 1094 1728 «

26 1795 97 1840 non
109 1772 224 1842 fuisse
239 1774 354 1861 abste
369 1787 604 1864 superatum,
632 1774 723 1866 quid
736 1796 822 1841 vero
838 1771 983 1862 pectori

26 1884 85 1938 tuo
104 1885 329 1962 praetextum
346 1887 444 1963 erat,
472 1899 558 1945 cum
575 1890 727 1966 pectora
740 1887 865 1942 nostra
883 1873 983 1948 inter

27 1993 61 2040 se
78 1972 366 2066 contingebant?
392 1976 579 2066 suspicor,
608 1999 696 2046 eum
714 1975 879 2045 multum
901 1974 983 2062 pol·

26 2071 115 2160 lere,
142 2095 187 2142 ex
208 2097 281 2167 quo
294 2075 375 2170 haee
393 2077 539 2144 suboles
555 2075 722 2165 prolecta
739 2087 804 2170 est.
858 2073 982 2144 Thor-

26 2173 146 2240 valdus
161 2175 378 2266 respondet:
405 2200 491 2244 vera
511 2175 622 2264 dicis,
650 2199 737 2244 eum
755 2197 834 2243 esse
849 2187 982 2262 poten-

25 2284 116 2356 tem,
156 2273 236 2344 haec
259 2275 359 2345 euim
381 2275 532 2346 nomina
554 2290 641 2348 sunt
664 2274 743 2362 dei,
779 2297 893 2364 quem
911 2296 979 2342 nos

26 2369 210 2442 christiani
230 2375 397 2446 colimus.
458 2375 596 2448 Bardus
618 2376 687 2450 ait:
720 2397 799 2448 non
816 2371 980 2463 cogitare

25 2494 138 2563 queo,
173 2497 250 2544 non
270 2497 379 2566 posse
398 2501 486 2548 eum
509 2475 635 2564 omnia
653 2475 819 2563 efficere,
853 2474 884 2540 si
898 2473 981 2562 ipse

24 2571 134 2662 adsit,
177 2575 283 2661 cujus
310 2579 387 2646 sola
407 2577 560 2646 uomina
580 2577 626 2648 ad
649 2601 710 2646 me
724 2573 981 2666 superandum

24 2673 264 2760 suffecerunt;
304 2689 415 2768 atque
443 2677 527 2747 ideo
555 2697 686 2770 regem
707 2690 835 2746 tecum
858 2673 978 2762 adibo,

25 2773 114 2860 quod
129 2773 323 2868 intelligo,
345 2778 488 2850 bonum
505 2799 595 2864 esse,
623 2777 691 2846 deo
706 2777 819 2846 fidem
827 2775 977 2863 habere,

24 2873 81 2960 qui
101 2887 176 2944 tarn
198 2890 332 2966 potens
357 2893 429 2965 est,
463 2877 497 2946 si
522 2878 583 2946 cui
602 2877 692 2946 fides
718 2875 889 2946 habenda
915 2875 979 2948 sit..

22 2971 198 3044 ldeovero
216 2980 450 3048 coenaculum
465 2979 750 3048 subterraneum
762 2974 985 3062 faciendum-

22 3075 158 3163 curavi,
184 3077 433 3169 praesidioque
450 3077 612 3166 munivi,
646 3077 748 3166 quod
761 3079 975 3162 statueram,

21 3171 47 3236 si
68 3175 268 3264 multitudo
288 3177 488 3250 hominurn
512 3178 683 3247 adversus
707 3201 769 3246 me
784 3187 978 3244 ‘contracta

22 3288 126 3362 esset,
153 3298 285 3350 eorum
296 3279 434 3348 auxilio
448 3280 505 3351 uti
516 3301 751 3368 numeroque
769 3277 974 3358 confidem

21 3373 162 3460 quodsi
187 3398 274 3448 vero
302 3401 367 3450 me.
386 3379 458 3451 duo
483 3393 548 3448 aut
563 3394 639 3453 tres
665 3378 972 3472 aggrederentur,

18 3471 107 3542 nihil
128 3477 325 3566 curabam,
358 3480 499 3550 etenim
518 3479 576 3550 his
593 3503 670 3550 non
688 3479 974 3548 succubiturum

18 3593 89 3661 me,
116 3581 248 3646 'certus
270 3579 337 3648 fui.
405 3581 478 3652 Hic
500 3587 653 3671 'quoque
673 3573 764 3648 sunt
776 3578 910 3672 viginti
935 3590 974 3645 et
1022 3647 1023 3650 ,

18 3689 169 3758 quatuor
186 3677 301 3771 legati
317 3679 423 3760 Olavi
436 3680 554 3772 regis,
582 3703 674 3772 quos
699 3681 747 3750 ad
768 3703 831 3750 me
847 3678 980 3763 misitp

17 3768 51 3837 hi
70 3773 167 3844 bene
190 3778 291 3870 apud
322 3779 384 3849 me
406 3781 525 3850 babiti
552 3796 657 3870 sunt,
702 3803 780 3850 non
802 3802 889 3848 vero
914 3779 971 3846 in-

15 3872 174 3966 terfecti,
229 3893 275 3950 ut
300 3901 366 3948 rex
395 3879 492 3954 torte
528 3880 726 3975 putaverit.
819 3878 970 3950 Deinde

15 3969 144 4044 Bardus
182 3978 330 4070 paravit¹
349 4004 447 4070 sese,
497 3995 535 4050 et
571 4005 658 4050 cum
687 3980 860 4076 omnibus
893 3979 969 4050 suis

3 4073 483 4153 Thorvaldum.comitatus
507 4097 578 4171 est,
617 4097 662 4152 ut
681 4103 814 4176 regem
836 4103 969 4153 conve-
