2502 4774
56 461 190 534 eth'nic'o
211 449 280 528 tuo
296 459 480 532 rocadulo
501 453 695 549 profanes‘,
716 457 774 528 ita
791 455 1008 530 accersisse

54 587 146 632 mum
160 563 349 630 coelorum
360 559 509 653 regem,
535 560 575 628 in
592 559 837 652 quemcredo,
864 561 932 630 diis
945 581 1008 632 an*

54 683 224 733 numeres.
280 658 352 727 Cui
375 660 540 753 Sigrida:
574 661 646 730 hoc
668 677 799 750 omne,
833 685 906 753 quo
933 685 1007 753 me,

55 763 172 833 Olane!
200 759 376 850 affecisti,
403 761 564 830 dedecus
585 771 625 830 'ct
645 763 874 832 contumelia
897 763 1008 832 facile

53 861 280 933 mortemtibi
295 862 558 930 contraxerint.
588 863 731 958 Quibus
741 861 1009 954 dictis'utrique

53 963 127 1033 irati
144 961 429 1056 digrediuntur,
467 985 534 1030 rex
553 963 687 1032 Olavus
707 964 861 1033 boream
881 983 1009 1042 versus

53 1065 86 1133 in
96 1064 241 1136 Vikiam
254 1063 468 1151 contendit,
482 1064 612 1155 regi-na
629 1087 717 1132 vero
738 1064 921 1133 orientem
928 1087 1009 1132 ver-

54 1187 105 1232 sus
117 1165 156 1232 in
165 1163 357 1234 Srethiam
367 1163 414 1232 ad
431 1163 570 1254 pradia
587 1187 664 1232 sua.
693 1167 908 1255 Haecpaulo
922 1179 1010 1254 post

54 1263 164 1332 Sveini
179 1265 441 1356 Tinguskeggi
452 1263 588 1356 (barbae
602 1263 785 1355 furcatae),
812 1267 1011 1335 Danorum

53 1365 133 1455 regi,
157 1365 307 1454 nupsit,
333 1365 527 1432 tumenim
546 1365 773 1453 Gunnhilda,
800 1360 1009 1432 filiaBurizss

52 1465 116 1532 lavi
126 1463 330 1534 Vindorum
343 1464 455 1556 regie,
484 1487 596 1554 quam
606 1465 710 1555 prius
725 1465 891 1553 duxerat,
908 1485 1009 1532 mor-

52 1578 107 1630 tua
122 1577 208 1632 erat.
264 1567 345 1658 Qua
357 1565 538 1633 affinitate
551 1564 651 1633 inter
662 1564 855 1652 Sveinem‚
883 1567 1009 1634 Dano-

51 1687 127 1730 rum
145 1685 296 1757 regern,
323 1677 363 1732 et
382 1666 542 1760 Olenum
556 1686 687 1758 regem
704 1665 940 1752 Srethicurn,
965 1664 1010 1730 fi-

51 1764 137 1836 lium
157 1765 297 1857 reginae
321 1765 494 1856 sigridae,
529 1765 665 1834 intima
685 1767 820 1853 ¹juncta
842 1778 898 1834 est
918 1764 1009 1834 ami·

52 1877 138 1932 citra.

93 2001 173 2106 Rex
197 2034 341 2111 Olavuc
370 2037 739 2206 Thyrpmureginam
765 2037 959 2133 conjugem

494 2151 582 2208 ucrt.

141 2269 230 2359 Cap.
249 2276 320 2364 195.
371 2271 598 2358 Burizlavua
616 2268 913 2356 Vindorumrerr,
930 2267 1010 2360 sig·
1090 2333 1094 2340 .

49 2369 160 2437 valdio
185 2371 366 2460 Satrapae,
399 2389 541 2464 ⁴genero
565 2394 655 2458 suo,
689 2367 822 2458 saepius
847 2376 1010 2458 conque*

50 2483 120 2536 stus
144 2484 218 2558 est,
256 2471 440 2540 violatum
458 2493 535 2539 esse
551 2483 726 2562 pactum,
755 2469 854 2560 quod
870 2469 1010 2562 Sigval·
1080 2552 1087 2571 ἱ

51 2570 123 2637 dius
135 2571 373 2662 interregem
388 2571 562 2640 Sveinem
581 2587 618 2640 et
634 2571 1011 2664 Burizlavumregem
1066 2585 1069 2592 ’

48 2671 154 2739 ineas
171 2673 276 2763 leges
296 2672 509 2763 pepigerat,
535 2686 579 2740 ut
595 2673 790 2741 Burizlavo
807 2671 956 2764 Thyna,
969 2671 1011 2738 fi-

49 2771 93 2837 lia
106 2772 202 2864 regis
222 2772 379 2842 Haraldi
392 2772 600 2859 Gorrnidae,
626 2795 728 2840 soror
747 2773 887 2840 Sveinis
898 2771 1012 2863 regis,

49 2885 206 2960 nuptum
225 2871 387 2940 daretur.
414 2875 497 2942 Hoc
520 2897 607 2941 vero
626 2873 855 2940 connubium
872 2895 949 2941 non
964 2869 1011 2940 ad

49 2970 222 3039 effectum
247 2988 487 3062 pervenerat,
530 2989 575 3040 ut
598 2973 807 3065 cogitatum
830 2971 1014 3041 constitu·⁴

47 3083 199 3162 tumque
219 3087 317 3159 erat,
345 3095 390 3140 eo
416 3073 518 3164 quod
540 3075 668 3166 Thyna
683 3071 879 3163 praefracte
895 3089 1011 3162 nega-

47 3171 112 3260 vit,
142 3195 181 3240 se
198 3173 281 3263 regi
296 3173 377 3240 seni
395 3189 433 3241 et
451 3175 599 3243 ethnico
615 3185 831 3264 nupturam.
885 3174 1012 3265 Quare

47 3294 101 3339 res
127 3273 180 3340 ita
212 3273 479 3364 aliquantisper
503 3275 647 3363 tenuit,
685 3287 729 3340 ut
755 3273 884 3364 Thyna
910 3269 1017 3362 apud*

46 3373 214 3442 Steinem
234 3393 367 3467 regem
386 3374 427 3442 in
447 3376 568 3444 Dania
593 3388 731 3468 ageret.
779 3372 1010 3475 ‘Burizlavns

44 3495 146 3562 vero,
180 3495 269 3542 cum
292 3495 396 3564 spem
418 3477 612 3566 praecisam
629 3476 792 3564 videret,
835 3471 1011 3544 Sveinem

42 3595 169 3666 regem
191 3595 366 3660 sororemx
383 3597 492 3644 suam
510 3576 556 3644 ad
569 3599 608 3644 se
621 3577 844 3663 missurum,
871 3573 1011 3666 Sigval-

44 3674 101 3742 dio
116 3689 272 3765 satrapae
281 3676 455 3764 ostendit,
471 3699 510 3744 se
524 3691 677 3766 pactum
691 3686 1010 3762 conventumper-

43 3775 146 3864 sequi
169 3778 279 3866 velle,
303 3777 487 3866 jussitque
507 3771 691 3868 satrapam
704 3777 747 3844 in
765 3772 927 3846 Daniam
940 3771 1021 3861 ire,¹

42 3875 302 3967 Thyramque,
315 3892 464 3968 pactam
478 3899 597 3966 suam,
612 3877 658 3946 ad
672 3899 709 3945 se
725 3875 920 3945 deducere.
947 3875 1011 3943 Sa·

40 3988 143 4066 trapa
167 3977 388 4046 mandatum
409 3978 482 4046 iter
503 3998 580 4046 non
600 3977 790 4074 neglexit,
824 3975 889 4045 sed
911 3974 1011 4044 Svei·

40 4097 128 4145 nem
147 4097 280 4169 regem
293 4079 405 4170 adiit,
432 4079 542 4172 eique
560 4079 734 4149 mandata
744 4078 934 4170 exposuit,
949 4075 1012 4144 de-
