<?xml version="1.0" encoding="UTF-8"?>
<!DOCTYPE html PUBLIC "-//W3C//DTD XHTML 1.0 Transitional//EN"
    "http://www.w3.org/TR/xhtml1/DTD/xhtml1-transitional.dtd">
<html xmlns="http://www.w3.org/1999/xhtml" xml:lang="en" lang="en">
 <head>
  <title>
</title>
<meta http-equiv="Content-Type" content="text/html;charset=utf-8" />
  <meta name='ocr-system' content='tesseract 3.04.00' />
  <meta name='ocr-capabilities' content='ocr_page ocr_carea ocr_par ocr_line ocrx_word'/>
</head>
<body>
  <div class='ocr_page' id='page_1' title='image "./scriptahistoric00unkngoog_0138.png"; bbox 0 0 2502 4774; ppageno 0'>
   <div class='ocr_carea' id='block_1_1' title="bbox 52 226 939 328">
    <p class='ocr_par' dir='ltr' id='par_1_1' title="bbox 52 226 939 330">
     <span class='ocr_line' id='line_1_1' title="bbox 52 226 939 328; baseline 0 -8"><span class='ocrx_word' id='word_1_1' title='bbox 52 254 147 328; x_wconf 81' lang='lat' dir='ltr'>uto.</span> <span class='ocrx_word' id='word_1_2' title='bbox 390 251 656 296; x_wconf 83' lang='lat'>···········-··</span> <span class='ocrx_word' id='word_1_3' title='bbox 852 226 939 320; x_wconf 76' lang='lat'>123</span> 
     </span>
    </p>
   </div>
   <div class='ocr_carea' id='block_1_2' title="bbox 34 459 1084 4177">
    <p class='ocr_par' dir='ltr' id='par_1_2' title="bbox 34 459 1084 4177">
     <span class='ocr_line' id='line_1_2' title="bbox 51 459 1078 552; baseline -0.007 -20"><span class='ocrx_word' id='word_1_4' title='bbox 51 477 121 532; x_wconf 86' lang='lat' dir='ltr'>tum</span> <span class='ocrx_word' id='word_1_5' title='bbox 138 459 211 530; x_wconf 84' lang='lat' dir='ltr'>luit</span> <span class='ocrx_word' id='word_1_6' title='bbox 228 483 358 532; x_wconf 87' lang='lat' dir='ltr'>rerum</span> <span class='ocrx_word' id='word_1_7' title='bbox 382 483 536 532; x_wconf 88' lang='lat' dir='ltr'>suarum</span> <span class='ocrx_word' id='word_1_8' title='bbox 562 461 678 550; x_wconf 87' lang='lat' dir='ltr'>ratio,</span> <span class='ocrx_word' id='word_1_9' title='bbox 711 473 823 552; x_wconf 84' lang='lat' dir='ltr'>atque</span> <span class='ocrx_word' id='word_1_10' title='bbox 844 482 1001 530; x_wconf 89' lang='lat' dir='ltr'>cernens</span> <span class='ocrx_word' id='word_1_11' title='bbox 1073 519 1078 525; x_wconf 86' lang='lat'><strong>.</strong></span> 
     </span>
     <span class='ocr_line' id='line_1_3' title="bbox 51 561 1001 655; baseline 0 -25"><span class='ocrx_word' id='word_1_12' title='bbox 51 563 220 630; x_wconf 73' lang='lat' dir='ltr'>etaltera</span> <span class='ocrx_word' id='word_1_13' title='bbox 242 578 367 655; x_wconf 86' lang='lat' dir='ltr'>parte,</span> <span class='ocrx_word' id='word_1_14' title='bbox 395 587 507 654; x_wconf 87' lang='lat' dir='ltr'>quam</span> <span class='ocrx_word' id='word_1_15' title='bbox 521 561 756 632; x_wconf 75' lang='lat' dir='ltr'>fortunatum</span> <span class='ocrx_word' id='word_1_16' title='bbox 777 575 872 630; x_wconf 88' lang='lat' dir='ltr'>esset</span> <span class='ocrx_word' id='word_1_17' title='bbox 894 563 1001 648; x_wconf 86' lang='lat' dir='ltr'>junc-</span> 
     </span>
     <span class='ocr_line' id='line_1_4' title="bbox 49 662 1001 756; baseline -0.001 -26"><span class='ocrx_word' id='word_1_18' title='bbox 49 679 118 731; x_wconf 91' lang='lat' dir='ltr'>tum</span> <span class='ocrx_word' id='word_1_19' title='bbox 133 684 221 731; x_wconf 90' lang='lat' dir='ltr'>cum</span> <span class='ocrx_word' id='word_1_20' title='bbox 238 664 333 732; x_wconf 83' lang='lat' dir='ltr'>adeo</span> <span class='ocrx_word' id='word_1_21' title='bbox 349 663 487 756; x_wconf 82' lang='lat' dir='ltr'><strong>insigni</strong></span> <span class='ocrx_word' id='word_1_22' title='bbox 505 685 595 756; x_wconf 84' lang='lat' dir='ltr'>rege</span> <span class='ocrx_word' id='word_1_23' title='bbox 610 663 847 754; x_wconf 82' lang='lat' dir='ltr'>conjugium,</span> <span class='ocrx_word' id='word_1_24' title='bbox 874 662 1001 730; x_wconf 89' lang='lat' dir='ltr'>condi-</span> 
     </span>
     <span class='ocr_line' id='line_1_5' title="bbox 48 762 1000 854; baseline 0.002 -26"><span class='ocrx_word' id='word_1_25' title='bbox 48 765 175 830; x_wconf 85' lang='lat' dir='ltr'>tionem</span> <span class='ocrx_word' id='word_1_26' title='bbox 190 763 348 834; x_wconf 87' lang='lat' dir='ltr'>minime</span> <span class='ocrx_word' id='word_1_27' title='bbox 366 764 614 854; x_wconf 81' lang='lat' dir='ltr'>spernendam</span> <span class='ocrx_word' id='word_1_28' title='bbox 632 763 749 850; x_wconf 88' lang='lat' dir='ltr'>duxit,</span> <span class='ocrx_word' id='word_1_29' title='bbox 773 762 1000 854; x_wconf 89' lang='lat' dir='ltr'>ideoquere-</span> 
     </span>
     <span class='ocr_line' id='line_1_6' title="bbox 49 863 1001 956; baseline 0 -26"><span class='ocrx_word' id='word_1_30' title='bbox 49 883 140 954; x_wconf 81' lang='lat' dir='ltr'>gem,</span> <span class='ocrx_word' id='word_1_31' title='bbox 173 877 219 930; x_wconf 91' lang='lat' dir='ltr'>ut</span> <span class='ocrx_word' id='word_1_32' title='bbox 235 863 305 934; x_wconf 84' lang='lat' dir='ltr'>sibi</span> <span class='ocrx_word' id='word_1_33' title='bbox 325 865 475 954; x_wconf 88' lang='lat' dir='ltr'>suisque</span> <span class='ocrx_word' id='word_1_34' title='bbox 494 865 605 934; x_wconf 88' lang='lat' dir='ltr'>rebus</span> <span class='ocrx_word' id='word_1_35' title='bbox 619 865 866 955; x_wconf 81' lang='lat' dir='ltr'>prospiceret,</span> <span class='ocrx_word' id='word_1_36' title='bbox 893 883 1001 956; x_wconf 83' lang='lat' dir='ltr'>roga-</span> 
     </span>
     <span class='ocr_line' id='line_1_7' title="bbox 49 963 1001 1057; baseline 0 -27"><span class='ocrx_word' id='word_1_37' title='bbox 49 963 99 1030; x_wconf 84' lang='lat' dir='ltr'>vit.</span> <span class='ocrx_word' id='word_1_38' title='bbox 149 965 205 1034; x_wconf 87' lang='lat' dir='ltr'>Re</span> <span class='ocrx_word' id='word_1_39' title='bbox 222 979 349 1052; x_wconf 79' lang='lat' dir='ltr'>autern</span> <span class='ocrx_word' id='word_1_40' title='bbox 361 966 558 1056; x_wconf 85' lang='lat' dir='ltr'>utriusque</span> <span class='ocrx_word' id='word_1_41' title='bbox 574 988 746 1034; x_wconf 85' lang='lat' dir='ltr'>sermone</span> <span class='ocrx_word' id='word_1_42' title='bbox 764 964 917 1057; x_wconf 79' lang='lat' dir='ltr'>agitata,</span> <span class='ocrx_word' id='word_1_43' title='bbox 933 984 1001 1032; x_wconf 78' lang='lat' dir='ltr'>rex</span> 
     </span>
     <span class='ocr_line' id='line_1_8' title="bbox 50 1063 1001 1164; baseline 0.002 -34"><span class='ocrx_word' id='word_1_44' title='bbox 50 1063 356 1164; x_wconf 43' lang='lat' dir='ltr'>OlavusnThyram</span> <span class='ocrx_word' id='word_1_45' title='bbox 372 1065 573 1158; x_wconf 82' lang='lat' dir='ltr'>conjugem</span> <span class='ocrx_word' id='word_1_46' title='bbox 586 1065 710 1153; x_wconf 88' lang='lat' dir='ltr'>duxit,</span> <span class='ocrx_word' id='word_1_47' title='bbox 743 1087 844 1155; x_wconf 85' lang='lat' dir='ltr'>quae,</span> <span class='ocrx_word' id='word_1_48' title='bbox 872 1077 1001 1152; x_wconf 84' lang='lat' dir='ltr'>aucto-</span> 
     </span>
     <span class='ocr_line' id='line_1_9' title="bbox 49 1157 998 1257; baseline 0.003 -27"><span class='ocrx_word' id='word_1_49' title='bbox 49 1164 143 1231; x_wconf 89' lang='lat' dir='ltr'>ritate</span> <span class='ocrx_word' id='word_1_50' title='bbox 161 1163 296 1234; x_wconf 86' lang='lat' dir='ltr'>Ozuris</span> <span class='ocrx_word' id='word_1_51' title='bbox 307 1166 461 1239; x_wconf 86' lang='lat' dir='ltr'>nutricii</span> <span class='ocrx_word' id='word_1_52' title='bbox 474 1165 552 1254; x_wconf 89' lang='lat' dir='ltr'>sui,</span> <span class='ocrx_word' id='word_1_53' title='bbox 584 1157 719 1257; x_wconf 79' lang='lat' dir='ltr'>ipsese</span> <span class='ocrx_word' id='word_1_54' title='bbox 736 1164 998 1254; x_wconf 80' lang='lat' dir='ltr'>despondebat.</span> 
     </span>
     <span class='ocr_line' id='line_1_10' title="bbox 48 1264 1000 1360; baseline -0.002 -26"><span class='ocrx_word' id='word_1_55' title='bbox 48 1266 114 1334; x_wconf 83' lang='lat' dir='ltr'>Rex</span> <span class='ocrx_word' id='word_1_56' title='bbox 132 1264 267 1333; x_wconf 78' lang='lat' dir='ltr'>Olatus</span> <span class='ocrx_word' id='word_1_57' title='bbox 283 1281 459 1358; x_wconf 88' lang='lat' dir='ltr'>apparato</span> <span class='ocrx_word' id='word_1_58' title='bbox 472 1266 611 1360; x_wconf 82' lang='lat' dir='ltr'>insigni</span> <span class='ocrx_word' id='word_1_59' title='bbox 626 1267 812 1354; x_wconf 83' lang='lat' dir='ltr'>convivio,</span> <span class='ocrx_word' id='word_1_60' title='bbox 845 1265 1000 1354; x_wconf 79' lang='lat' dir='ltr'>nuptias</span> 
     </span>
     <span class='ocr_line' id='line_1_11' title="bbox 49 1365 1000 1458; baseline 0 -24"><span class='ocrx_word' id='word_1_61' title='bbox 49 1365 247 1458; x_wconf 86' lang='lat' dir='ltr'>Tunsbergi</span> <span class='ocrx_word' id='word_1_62' title='bbox 266 1367 498 1452; x_wconf 59' lang='lat' dir='ltr'>celebravitp</span> <span class='ocrx_word' id='word_1_63' title='bbox 528 1367 628 1457; x_wconf 88' lang='lat' dir='ltr'>quod</span> <span class='ocrx_word' id='word_1_64' title='bbox 649 1366 792 1434; x_wconf 84' lang='lat' dir='ltr'>factum</span> <span class='ocrx_word' id='word_1_65' title='bbox 813 1379 870 1434; x_wconf 90' lang='lat' dir='ltr'>est</span> <span class='ocrx_word' id='word_1_66' title='bbox 886 1365 1000 1434; x_wconf 87' lang='lat' dir='ltr'>tertia</span> 
     </span>
     <span class='ocr_line' id='line_1_12' title="bbox 47 1463 1002 1559; baseline 0.002 -29"><span class='ocrx_word' id='word_1_67' title='bbox 47 1463 178 1556; x_wconf 84' lang='lat' dir='ltr'>lneme,</span> <span class='ocrx_word' id='word_1_68' title='bbox 224 1489 298 1556; x_wconf 86' lang='lat' dir='ltr'>qua</span> <span class='ocrx_word' id='word_1_69' title='bbox 323 1483 493 1537; x_wconf 88' lang='lat' dir='ltr'>rexerat</span> <span class='ocrx_word' id='word_1_70' title='bbox 518 1472 733 1559; x_wconf 82' lang='lat' dir='ltr'>Norvegiae,</span> <span class='ocrx_word' id='word_1_71' title='bbox 777 1468 889 1556; x_wconf 91' lang='lat' dir='ltr'>paulo</span> <span class='ocrx_word' id='word_1_72' title='bbox 914 1478 1002 1554; x_wconf 87' lang='lat' dir='ltr'>post</span> 
     </span>
     <span class='ocr_line' id='line_1_13' title="bbox 48 1565 1001 1662; baseline 0.004 -32"><span class='ocrx_word' id='word_1_73' title='bbox 48 1586 146 1654; x_wconf 88' lang='lat' dir='ltr'>quam</span> <span class='ocrx_word' id='word_1_74' title='bbox 169 1565 355 1658; x_wconf 83' lang='lat' dir='ltr'>Sigridam</span> <span class='ocrx_word' id='word_1_75' title='bbox 377 1570 549 1662; x_wconf 83' lang='lat' dir='ltr'>reginam</span> <span class='ocrx_word' id='word_1_76' title='bbox 573 1568 614 1636; x_wconf 93' lang='lat' dir='ltr'>in</span> <span class='ocrx_word' id='word_1_77' title='bbox 637 1569 722 1638; x_wconf 87' lang='lat' dir='ltr'>Albi</span> <span class='ocrx_word' id='word_1_78' title='bbox 750 1565 1001 1659; x_wconf 15' lang='lat' dir='ltr'>(Gothorum)-</span> 
     </span>
     <span class='ocr_line' id='line_1_14' title="bbox 47 1666 999 1762; baseline 0.003 -32"><span class='ocrx_word' id='word_1_79' title='bbox 47 1681 276 1751; x_wconf 78' lang='lat' dir='ltr'>convenerat3</span> <span class='ocrx_word' id='word_1_80' title='bbox 300 1691 389 1738; x_wconf 91' lang='lat' dir='ltr'>nam</span> <span class='ocrx_word' id='word_1_81' title='bbox 404 1670 533 1762; x_wconf 88' lang='lat' dir='ltr'>Thyra</span> <span class='ocrx_word' id='word_1_82' title='bbox 552 1668 684 1762; x_wconf 86' lang='lat' dir='ltr'>regina</span> <span class='ocrx_word' id='word_1_83' title='bbox 697 1668 876 1760; x_wconf 81' lang='lat' dir='ltr'>regemin</span> <span class='ocrx_word' id='word_1_84' title='bbox 891 1673 921 1738; x_wconf 83' lang='lat' dir='ltr'>V</span> <span class='ocrx_word' id='word_1_85' title='bbox 923 1666 999 1734; x_wconf 88' lang='lat' dir='ltr'>ikia</span> 
     </span>
     <span class='ocr_line' id='line_1_15' title="bbox 46 1763 996 1860; baseline 0.007 -31"><span class='ocrx_word' id='word_1_86' title='bbox 46 1763 191 1856; x_wconf 86' lang='lat' dir='ltr'>adierat,</span> <span class='ocrx_word' id='word_1_87' title='bbox 224 1765 313 1837; x_wconf 82' lang='lat' dir='ltr'>cuni</span> <span class='ocrx_word' id='word_1_88' title='bbox 334 1769 400 1838; x_wconf 91' lang='lat' dir='ltr'>ille</span> <span class='ocrx_word' id='word_1_89' title='bbox 424 1791 546 1860; x_wconf 86' lang='lat' dir='ltr'>nuper</span> <span class='ocrx_word' id='word_1_90' title='bbox 573 1791 595 1838; x_wconf 88' lang='lat' dir='ltr'>a</span> <span class='ocrx_word' id='word_1_91' title='bbox 614 1783 799 1838; x_wconf 87' lang='lat' dir='ltr'>conventu</span> <span class='ocrx_word' id='word_1_92' title='bbox 815 1765 996 1836; x_wconf 85' lang='lat' dir='ltr'>rediisset.</span> 
     </span>
     <span class='ocr_line' id='line_1_16' title="bbox 46 1868 996 1963; baseline 0 -29"><span class='ocrx_word' id='word_1_93' title='bbox 46 1868 135 1934; x_wconf 88' lang='lat' dir='ltr'>Tum</span> <span class='ocrx_word' id='word_1_94' title='bbox 153 1888 220 1934; x_wconf 81' lang='lat' dir='ltr'>rex</span> <span class='ocrx_word' id='word_1_95' title='bbox 244 1889 373 1938; x_wconf 88' lang='lat' dir='ltr'>omnes</span> <span class='ocrx_word' id='word_1_96' title='bbox 398 1883 591 1963; x_wconf 83' lang='lat' dir='ltr'>magnates</span> <span class='ocrx_word' id='word_1_97' title='bbox 617 1882 655 1938; x_wconf 91' lang='lat' dir='ltr'>et</span> <span class='ocrx_word' id='word_1_98' title='bbox 670 1869 813 1938; x_wconf 90' lang='lat' dir='ltr'>nobiles</span> <span class='ocrx_word' id='word_1_99' title='bbox 833 1869 996 1957; x_wconf 89' lang='lat' dir='ltr'>colonos,</span> 
     </span>
     <span class='ocr_line' id='line_1_17' title="bbox 45 1964 997 2060; baseline 0.007 -31"><span class='ocrx_word' id='word_1_100' title='bbox 45 1964 166 2034; x_wconf 90' lang='lat' dir='ltr'>tamin</span> <span class='ocrx_word' id='word_1_101' title='bbox 183 1966 292 2038; x_wconf 77' lang='lat' dir='ltr'>Vilia</span> <span class='ocrx_word' id='word_1_102' title='bbox 307 1993 421 2060; x_wconf 89' lang='lat' dir='ltr'>quam</span> <span class='ocrx_word' id='word_1_103' title='bbox 438 1971 524 2040; x_wconf 88' lang='lat' dir='ltr'>alibi</span> <span class='ocrx_word' id='word_1_104' title='bbox 541 1969 701 2060; x_wconf 83' lang='lat' dir='ltr'>passim,</span> <span class='ocrx_word' id='word_1_105' title='bbox 735 1970 781 2038; x_wconf 90' lang='lat' dir='ltr'>ad</span> <span class='ocrx_word' id='word_1_106' title='bbox 805 1991 843 2036; x_wconf 90' lang='lat' dir='ltr'>se</span> <span class='ocrx_word' id='word_1_107' title='bbox 864 1968 997 2046; x_wconf 54' lang='lat' dir='ltr'>inviter</span> 
     </span>
     <span class='ocr_line' id='line_1_18' title="bbox 45 2064 998 2162; baseline 0.006 -32"><span class='ocrx_word' id='word_1_108' title='bbox 45 2064 104 2149; x_wconf 65' lang='lat' dir='ltr'>vit,</span> <span class='ocrx_word' id='word_1_109' title='bbox 125 2073 330 2162; x_wconf 83' lang='lat' dir='ltr'>permagna</span> <span class='ocrx_word' id='word_1_110' title='bbox 352 2093 396 2140; x_wconf 90' lang='lat' dir='ltr'>eo</span> <span class='ocrx_word' id='word_1_111' title='bbox 415 2071 596 2141; x_wconf 86' lang='lat' dir='ltr'>confluxit</span> <span class='ocrx_word' id='word_1_112' title='bbox 612 2070 811 2140; x_wconf 89' lang='lat' dir='ltr'>hominum</span> <span class='ocrx_word' id='word_1_113' title='bbox 826 2070 998 2137; x_wconf 89' lang='lat' dir='ltr'>multitu-</span> 
     </span>
     <span class='ocr_line' id='line_1_19' title="bbox 45 2164 998 2262; baseline 0.007 -30"><span class='ocrx_word' id='word_1_114' title='bbox 45 2164 94 2253; x_wconf 85' lang='lat' dir='ltr'>do,</span> <span class='ocrx_word' id='word_1_115' title='bbox 118 2167 406 2262; x_wconf 82' lang='lat' dir='ltr'>conviviumque</span> <span class='ocrx_word' id='word_1_116' title='bbox 421 2173 672 2241; x_wconf 89' lang='lat' dir='ltr'>instauratum</span> <span class='ocrx_word' id='word_1_117' title='bbox 690 2185 745 2240; x_wconf 89' lang='lat' dir='ltr'>est</span> <span class='ocrx_word' id='word_1_118' title='bbox 757 2169 998 2260; x_wconf 81' lang='lat' dir='ltr'>magnificen-</span> 
     </span>
     <span class='ocr_line' id='line_1_20' title="bbox 43 2266 998 2362; baseline 0.009 -32"><span class='ocrx_word' id='word_1_119' title='bbox 43 2266 229 2362; x_wconf 83' lang='lat' dir='ltr'>tissimum.</span> <span class='ocrx_word' id='word_1_120' title='bbox 282 2271 408 2342; x_wconf 89' lang='lat' dir='ltr'>Primo</span> <span class='ocrx_word' id='word_1_121' title='bbox 426 2272 587 2341; x_wconf 87' lang='lat' dir='ltr'>convivii</span> <span class='ocrx_word' id='word_1_122' title='bbox 604 2273 683 2358; x_wconf 85' lang='lat' dir='ltr'>die,</span> <span class='ocrx_word' id='word_1_123' title='bbox 709 2293 795 2340; x_wconf 89' lang='lat' dir='ltr'>cum</span> <span class='ocrx_word' id='word_1_124' title='bbox 809 2284 919 2359; x_wconf 90' lang='lat' dir='ltr'>potus</span> <span class='ocrx_word' id='word_1_125' title='bbox 936 2293 998 2339; x_wconf 84' lang='lat' dir='ltr'>ex·</span> 
     </span>
     <span class='ocr_line' id='line_1_21' title="bbox 42 2365 1029 2464; baseline 0.008 -33"><span class='ocrx_word' id='word_1_126' title='bbox 42 2365 142 2436; x_wconf 90' lang='lat' dir='ltr'>irnius</span> <span class='ocrx_word' id='word_1_127' title='bbox 166 2367 339 2442; x_wconf 90' lang='lat' dir='ltr'>homines</span> <span class='ocrx_word' id='word_1_128' title='bbox 357 2373 597 2464; x_wconf 82' lang='lat' dir='ltr'>exhilararet,</span> <span class='ocrx_word' id='word_1_129' title='bbox 628 2393 915 2461; x_wconf 65' lang='lat' dir='ltr'>rexaomnesque</span> <span class='ocrx_word' id='word_1_130' title='bbox 932 2373 999 2460; x_wconf 89' lang='lat' dir='ltr'>qui</span> <span class='ocrx_word' id='word_1_131' title='bbox 1027 2447 1029 2450; x_wconf 51' lang='grc'><strong>,</strong></span> 
     </span>
     <span class='ocr_line' id='line_1_22' title="bbox 41 2468 998 2561; baseline 0.01 -28"><span class='ocrx_word' id='word_1_132' title='bbox 41 2468 132 2536; x_wconf 90' lang='lat' dir='ltr'>intus</span> <span class='ocrx_word' id='word_1_133' title='bbox 153 2486 278 2561; x_wconf 85' lang='lat' dir='ltr'>erant,</span> <span class='ocrx_word' id='word_1_134' title='bbox 317 2473 456 2542; x_wconf 85' lang='lat' dir='ltr'>hilares</span> <span class='ocrx_word' id='word_1_135' title='bbox 480 2474 656 2558; x_wconf 78' lang='lat' dir='ltr'>fuerunt3</span> <span class='ocrx_word' id='word_1_136' title='bbox 692 2495 758 2542; x_wconf 89' lang='lat' dir='ltr'>rex</span> <span class='ocrx_word' id='word_1_137' title='bbox 780 2471 998 2543; x_wconf 86' lang='lat' dir='ltr'>modestum</span> 
     </span>
     <span class='ocr_line' id='line_1_23' title="bbox 42 2571 1005 2662; baseline 0.004 -26"><span class='ocrx_word' id='word_1_138' title='bbox 42 2571 292 2656; x_wconf 85' lang='lat' dir='ltr'>pocillatorem</span> <span class='ocrx_word' id='word_1_139' title='bbox 306 2574 353 2642; x_wconf 90' lang='lat' dir='ltr'>ad</span> <span class='ocrx_word' id='word_1_140' title='bbox 371 2597 410 2642; x_wconf 91' lang='lat' dir='ltr'>se</span> <span class='ocrx_word' id='word_1_141' title='bbox 425 2589 597 2644; x_wconf 83' lang='lat' dir='ltr'>vocatum</span> <span class='ocrx_word' id='word_1_142' title='bbox 610 2574 736 2662; x_wconf 84' lang='lat' dir='ltr'>jussit,</span> <span class='ocrx_word' id='word_1_143' title='bbox 764 2585 808 2658; x_wconf 89' lang='lat' dir='ltr'>ut</span> <span class='ocrx_word' id='word_1_144' title='bbox 823 2571 1005 2640; x_wconf 82' lang='lat' dir='ltr'>mandata</span> 
     </span>
     <span class='ocr_line' id='line_1_24' title="bbox 41 2672 998 2766; baseline 0.007 -33"><span class='ocrx_word' id='word_1_145' title='bbox 41 2691 97 2734; x_wconf 86' lang='lat' dir='ltr'>sua</span> <span class='ocrx_word' id='word_1_146' title='bbox 106 2672 149 2738; x_wconf 91' lang='lat' dir='ltr'>ad</span> <span class='ocrx_word' id='word_1_147' title='bbox 157 2673 531 2765; x_wconf 80' lang='lat' dir='ltr'>reginamperferret.</span> <span class='ocrx_word' id='word_1_148' title='bbox 547 2676 574 2746; x_wconf 94' lang='lat' dir='ltr'>F</span> <span class='ocrx_word' id='word_1_149' title='bbox 577 2673 998 2766; x_wconf 84' lang='lat' dir='ltr'>amulusThyramregi-</span> 
     </span>
     <span class='ocr_line' id='line_1_25' title="bbox 42 2771 996 2867; baseline 0.005 -32"><span class='ocrx_word' id='word_1_150' title='bbox 42 2791 118 2839; x_wconf 86' lang='lat' dir='ltr'>nam</span> <span class='ocrx_word' id='word_1_151' title='bbox 134 2771 282 2862; x_wconf 86' lang='lat' dir='ltr'>adiens,</span> <span class='ocrx_word' id='word_1_152' title='bbox 316 2775 494 2844; x_wconf 87' lang='lat' dir='ltr'>inclinato</span> <span class='ocrx_word' id='word_1_153' title='bbox 523 2799 680 2867; x_wconf 87' lang='lat' dir='ltr'>corpore</span> <span class='ocrx_word' id='word_1_154' title='bbox 703 2799 787 2846; x_wconf 90' lang='lat' dir='ltr'>eam</span> <span class='ocrx_word' id='word_1_155' title='bbox 809 2776 996 2862; x_wconf 81' lang='lat' dir='ltr'>salutavit,</span> 
     </span>
     <span class='ocr_line' id='line_1_26' title="bbox 42 2871 1084 2963; baseline 0.007 -28"><span class='ocrx_word' id='word_1_156' title='bbox 42 2883 73 2936; x_wconf 87' lang='lat' dir='ltr'>et</span> <span class='ocrx_word' id='word_1_157' title='bbox 95 2871 204 2940; x_wconf 81' lang='lat' dir='ltr'>dixit:</span> <span class='ocrx_word' id='word_1_158' title='bbox 232 2873 406 2946; x_wconf 89' lang='lat' dir='ltr'>dominus</span> <span class='ocrx_word' id='word_1_159' title='bbox 420 2899 527 2945; x_wconf 87' lang='lat' dir='ltr'>mens</span> <span class='ocrx_word' id='word_1_160' title='bbox 542 2901 603 2944; x_wconf 88' lang='lat' dir='ltr'>me</span> <span class='ocrx_word' id='word_1_161' title='bbox 619 2877 665 2946; x_wconf 89' lang='lat' dir='ltr'>ad</span> <span class='ocrx_word' id='word_1_162' title='bbox 677 2891 715 2943; x_wconf 89' lang='lat' dir='ltr'>te</span> <span class='ocrx_word' id='word_1_163' title='bbox 730 2875 852 2963; x_wconf 83' lang='lat' dir='ltr'>misit,</span> <span class='ocrx_word' id='word_1_164' title='bbox 880 2874 998 2942; x_wconf 85' lang='lat' dir='ltr'>dorni·</span> <span class='ocrx_word' id='word_1_165' title='bbox 1082 2889 1084 2896; x_wconf 88' lang='grc'><strong>’</strong></span> 
     </span>
     <span class='ocr_line' id='line_1_27' title="bbox 40 2973 996 3065; baseline 0.004 -27"><span class='ocrx_word' id='word_1_166' title='bbox 40 2973 97 3038; x_wconf 88' lang='lat' dir='ltr'>na!</span> <span class='ocrx_word' id='word_1_167' title='bbox 122 2974 340 3064; x_wconf 86' lang='lat' dir='ltr'>quaesitum,</span> <span class='ocrx_word' id='word_1_168' title='bbox 377 2991 507 3046; x_wconf 91' lang='lat' dir='ltr'>utrum</span> <span class='ocrx_word' id='word_1_169' title='bbox 522 2977 663 3046; x_wconf 88' lang='lat' dir='ltr'>donum</span> <span class='ocrx_word' id='word_1_170' title='bbox 678 2976 847 3065; x_wconf 90' lang='lat' dir='ltr'>nuptiale</span> <span class='ocrx_word' id='word_1_171' title='bbox 863 2988 996 3044; x_wconf 80' lang='lat' dir='ltr'>vestrae</span> 
     </span>
     <span class='ocr_line' id='line_1_28' title="bbox 42 3072 997 3171; baseline 0.008 -35"><span class='ocrx_word' id='word_1_172' title='bbox 42 3072 202 3163; x_wconf 80' lang='lat' dir='ltr'>dignitati</span> <span class='ocrx_word' id='word_1_173' title='bbox 221 3076 355 3168; x_wconf 83' lang='lat' dir='ltr'>eligat,</span> <span class='ocrx_word' id='word_1_174' title='bbox 378 3077 586 3171; x_wconf 84' lang='lat' dir='ltr'>utvirgini,</span> <span class='ocrx_word' id='word_1_175' title='bbox 613 3101 662 3146; x_wconf 90' lang='lat' dir='ltr'>an</span> <span class='ocrx_word' id='word_1_176' title='bbox 678 3076 897 3162; x_wconf 87' lang='lat' dir='ltr'>utfeminae,</span> <span class='ocrx_word' id='word_1_177' title='bbox 914 3099 997 3165; x_wconf 87' lang='lat' dir='ltr'>quoe</span> 
     </span>
     <span class='ocr_line' id='line_1_29' title="bbox 39 3173 996 3268; baseline 0.003 -29"><span class='ocrx_word' id='word_1_178' title='bbox 39 3173 108 3242; x_wconf 77' lang='lat' dir='ltr'>tiro</span> <span class='ocrx_word' id='word_1_179' title='bbox 127 3189 244 3264; x_wconf 91' lang='lat' dir='ltr'>nupta</span> <span class='ocrx_word' id='word_1_180' title='bbox 260 3175 385 3246; x_wconf 86' lang='lat' dir='ltr'>fuerit.</span> <span class='ocrx_word' id='word_1_181' title='bbox 437 3178 508 3248; x_wconf 90' lang='lat' dir='ltr'>Illa</span> <span class='ocrx_word' id='word_1_182' title='bbox 520 3178 739 3268; x_wconf 89' lang='lat' dir='ltr'>respondet:</span> <span class='ocrx_word' id='word_1_183' title='bbox 766 3175 780 3242; x_wconf 92' lang='lat' dir='ltr'>i</span> <span class='ocrx_word' id='word_1_184' title='bbox 797 3188 834 3244; x_wconf 91' lang='lat' dir='ltr'>et</span> <span class='ocrx_word' id='word_1_185' title='bbox 843 3176 996 3246; x_wconf 90' lang='lat' dir='ltr'>domino</span> 
     </span>
     <span class='ocr_line' id='line_1_30' title="bbox 38 3275 998 3370; baseline 0.005 -32"><span class='ocrx_word' id='word_1_186' title='bbox 38 3275 188 3364; x_wconf 90' lang='lat' dir='ltr'>tuodic,</span> <span class='ocrx_word' id='word_1_187' title='bbox 223 3297 262 3344; x_wconf 91' lang='lat' dir='ltr'>se</span> <span class='ocrx_word' id='word_1_188' title='bbox 278 3276 358 3368; x_wconf 87' lang='lat' dir='ltr'>ipse</span> <span class='ocrx_word' id='word_1_189' title='bbox 382 3279 539 3370; x_wconf 82' lang='lat' dir='ltr'>cogitet,</span> <span class='ocrx_word' id='word_1_190' title='bbox 579 3295 710 3348; x_wconf 90' lang='lat' dir='ltr'>utrum</span> <span class='ocrx_word' id='word_1_191' title='bbox 725 3276 843 3370; x_wconf 85' lang='lat' dir='ltr'>magis</span> <span class='ocrx_word' id='word_1_192' title='bbox 864 3299 998 3344; x_wconf 90' lang='lat' dir='ltr'>conve·</span> 
     </span>
     <span class='ocr_line' id='line_1_31' title="bbox 38 3374 997 3471; baseline 0.005 -30"><span class='ocrx_word' id='word_1_193' title='bbox 38 3377 145 3464; x_wconf 87' lang='lat' dir='ltr'>niret,</span> <span class='ocrx_word' id='word_1_194' title='bbox 179 3374 211 3442; x_wconf 89' lang='lat' dir='ltr'>si</span> <span class='ocrx_word' id='word_1_195' title='bbox 234 3377 396 3448; x_wconf 90' lang='lat' dir='ltr'>eundern</span> <span class='ocrx_word' id='word_1_196' title='bbox 417 3381 560 3449; x_wconf 89' lang='lat' dir='ltr'>lectum</span> <span class='ocrx_word' id='word_1_197' title='bbox 584 3394 731 3471; x_wconf 87' lang='lat' dir='ltr'>septem</span> <span class='ocrx_word' id='word_1_198' title='bbox 754 3391 883 3448; x_wconf 90' lang='lat' dir='ltr'>noctes</span> <span class='ocrx_word' id='word_1_199' title='bbox 908 3399 997 3446; x_wconf 87' lang='lat' dir='ltr'>cum</span> 
     </span>
     <span class='ocr_line' id='line_1_32' title="bbox 38 3476 997 3573; baseline 0.006 -33"><span class='ocrx_word' id='word_1_200' title='bbox 38 3499 75 3544; x_wconf 88' lang='lat' dir='ltr'>eo</span> <span class='ocrx_word' id='word_1_201' title='bbox 91 3476 345 3568; x_wconf 83' lang='lat' dir='ltr'>sociavissem,</span> <span class='ocrx_word' id='word_1_202' title='bbox 380 3478 437 3548; x_wconf 89' lang='lat' dir='ltr'>uti</span> <span class='ocrx_word' id='word_1_203' title='bbox 452 3503 554 3549; x_wconf 92' lang='lat' dir='ltr'>nunc</span> <span class='ocrx_word' id='word_1_204' title='bbox 576 3504 664 3551; x_wconf 88' lang='lat' dir='ltr'>cum</span> <span class='ocrx_word' id='word_1_205' title='bbox 685 3480 758 3550; x_wconf 89' lang='lat' dir='ltr'>alio</span> <span class='ocrx_word' id='word_1_206' title='bbox 774 3500 863 3573; x_wconf 83' lang='lat' dir='ltr'>rege</span> <span class='ocrx_word' id='word_1_207' title='bbox 881 3479 997 3548; x_wconf 88' lang='lat' dir='ltr'>socia-</span> 
     </span>
     <span class='ocr_line' id='line_1_33' title="bbox 37 3576 1003 3672; baseline 0.005 -31"><span class='ocrx_word' id='word_1_208' title='bbox 37 3576 87 3659; x_wconf 79' lang='lat' dir='ltr'>vi3</span> <span class='ocrx_word' id='word_1_209' title='bbox 111 3592 197 3646; x_wconf 91' lang='lat' dir='ltr'>tum</span> <span class='ocrx_word' id='word_1_210' title='bbox 213 3577 375 3670; x_wconf 87' lang='lat' dir='ltr'>denique</span> <span class='ocrx_word' id='word_1_211' title='bbox 391 3580 521 3670; x_wconf 85' lang='lat' dir='ltr'>faciat,</span> <span class='ocrx_word' id='word_1_212' title='bbox 549 3583 649 3672; x_wconf 92' lang='lat' dir='ltr'>quod</span> <span class='ocrx_word' id='word_1_213' title='bbox 661 3582 734 3672; x_wconf 92' lang='lat' dir='ltr'>ipsi</span> <span class='ocrx_word' id='word_1_214' title='bbox 750 3579 1003 3670; x_wconf 43' lang='lat' dir='ltr'>mihiquelro*</span> 
     </span>
     <span class='ocr_line' id='line_1_34' title="bbox 36 3677 997 3772; baseline 0.004 -30"><span class='ocrx_word' id='word_1_215' title='bbox 36 3679 170 3746; x_wconf 89' lang='lat' dir='ltr'>nestius</span> <span class='ocrx_word' id='word_1_216' title='bbox 189 3679 421 3762; x_wconf 79' lang='lat' dir='ltr'>judicaverit.</span> <span class='ocrx_word' id='word_1_217' title='bbox 481 3684 657 3751; x_wconf 89' lang='lat' dir='ltr'>Famulus</span> <span class='ocrx_word' id='word_1_218' title='bbox 682 3682 760 3750; x_wconf 90' lang='lat' dir='ltr'>ibat</span> <span class='ocrx_word' id='word_1_219' title='bbox 780 3695 817 3748; x_wconf 89' lang='lat' dir='ltr'>et</span> <span class='ocrx_word' id='word_1_220' title='bbox 835 3677 916 3772; x_wconf 84' lang='lat' dir='ltr'>regi</span> <span class='ocrx_word' id='word_1_221' title='bbox 939 3701 997 3748; x_wconf 86' lang='lat' dir='ltr'>re-</span> 
     </span>
     <span class='ocr_line' id='line_1_35' title="bbox 36 3779 1007 3875; baseline 0.006 -35"><span class='ocrx_word' id='word_1_222' title='bbox 36 3798 162 3866; x_wconf 90' lang='lat' dir='ltr'>sponsa</span> <span class='ocrx_word' id='word_1_223' title='bbox 178 3779 322 3848; x_wconf 90' lang='lat' dir='ltr'>retulit.</span> <span class='ocrx_word' id='word_1_224' title='bbox 383 3785 473 3875; x_wconf 87' lang='lat' dir='ltr'>Quae</span> <span class='ocrx_word' id='word_1_225' title='bbox 490 3804 578 3850; x_wconf 90' lang='lat' dir='ltr'>cum</span> <span class='ocrx_word' id='word_1_226' title='bbox 593 3781 667 3872; x_wconf 89' lang='lat' dir='ltr'>ipsi</span> <span class='ocrx_word' id='word_1_227' title='bbox 682 3784 892 3872; x_wconf 86' lang='lat' dir='ltr'>placerent,</span> <span class='ocrx_word' id='word_1_228' title='bbox 918 3780 1007 3870; x_wconf 52' lang='lat' dir='ltr'>pal:</span> 
     </span>
     <span class='ocr_line' id='line_1_36' title="bbox 35 3876 995 3974; baseline 0.004 -31"><span class='ocrx_word' id='word_1_229' title='bbox 35 3876 105 3948; x_wconf 87' lang='lat' dir='ltr'>lam</span> <span class='ocrx_word' id='word_1_230' title='bbox 132 3880 362 3952; x_wconf 89' lang='lat' dir='ltr'>muliebrem</span> <span class='ocrx_word' id='word_1_231' title='bbox 397 3882 539 3972; x_wconf 90' lang='lat' dir='ltr'>pulcris</span> <span class='ocrx_word' id='word_1_232' title='bbox 585 3883 748 3974; x_wconf 90' lang='lat' dir='ltr'>pellibus</span> <span class='ocrx_word' id='word_1_233' title='bbox 783 3880 995 3974; x_wconf 88' lang='lat' dir='ltr'>splendido-</span> 
     </span>
     <span class='ocr_line' id='line_1_37' title="bbox 35 3980 995 4068; baseline 0.004 -22"><span class='ocrx_word' id='word_1_234' title='bbox 35 4002 101 4068; x_wconf 91' lang='lat' dir='ltr'>que</span> <span class='ocrx_word' id='word_1_235' title='bbox 118 3995 255 4050; x_wconf 88' lang='lat' dir='ltr'>ornatu</span> <span class='ocrx_word' id='word_1_236' title='bbox 282 3980 507 4051; x_wconf 86' lang='lat' dir='ltr'>instructam</span> <span class='ocrx_word' id='word_1_237' title='bbox 538 3982 574 4050; x_wconf 91' lang='lat' dir='ltr'>ei</span> <span class='ocrx_word' id='word_1_238' title='bbox 601 3984 727 4051; x_wconf 90' lang='lat' dir='ltr'>statim</span> <span class='ocrx_word' id='word_1_239' title='bbox 753 3981 850 4052; x_wconf 92' lang='lat' dir='ltr'>dono</span> <span class='ocrx_word' id='word_1_240' title='bbox 881 3981 995 4050; x_wconf 87' lang='lat' dir='ltr'>misit.</span> 
     </span>
     <span class='ocr_line' id='line_1_38' title="bbox 34 4081 1000 4177; baseline 0.001 -28"><span class='ocrx_word' id='word_1_241' title='bbox 34 4081 111 4177; x_wconf 88' lang='lat' dir='ltr'>Hoc</span> <span class='ocrx_word' id='word_1_242' title='bbox 121 4083 204 4174; x_wconf 91' lang='lat' dir='ltr'>ipso</span> <span class='ocrx_word' id='word_1_243' title='bbox 221 4083 389 4154; x_wconf 86' lang='lat' dir='ltr'>convivio</span> <span class='ocrx_word' id='word_1_244' title='bbox 407 4085 622 4175; x_wconf 86' lang='lat' dir='ltr'>rexmulta,</span> <span class='ocrx_word' id='word_1_245' title='bbox 649 4107 733 4176; x_wconf 82' lang='lat' dir='ltr'>quae</span> <span class='ocrx_word' id='word_1_246' title='bbox 749 4085 796 4154; x_wconf 88' lang='lat' dir='ltr'>ad</span> <span class='ocrx_word' id='word_1_247' title='bbox 810 4083 1000 4174; x_wconf 71' lang='lat' dir='ltr'>corrigam</span> 
     </span>
    </p>
   </div>
   <div class='ocr_carea' id='block_1_3' title="bbox 0 0 1256 4774">
    <p class='ocr_par' dir='ltr' id='par_1_3' title="bbox 0 0 1256 4774">
     <span class='ocr_line' id='line_1_39' title="bbox 0 0 1256 4774; baseline 0 4"><span class='ocrx_word' id='word_1_248' title='bbox 0 0 1256 4774; x_wconf 95' lang='lat' dir='ltr'> </span> 
     </span>
    </p>
   </div>
  </div>
 </body>
</html>
