2482 4740
312 313 417 404 2283,
618 317 888 393 Q
1115 321 1227 403 me.-

248 551 401 636 ge'runt,
429 561 563 634 magna
581 541 653 608 fuit
672 541 711 607 in
723 533 1051 634 Norvo'gia'r'ilitas
1068 563 1214 610 annone

249 659 285 710 et
297 645 401 734 quies
418 643 517 709 domi
531 668 540 726 5
556 639 780 731 procedente
795 649 883 708 vero
897 641 1025 712 hieme
1037 655 1077 709 et
1090 641 1215 711 ineun-

246 758 286 811 te
299 767 383 811 vere
401 744 530 834 regina
548 741 711 834 Thyria,
737 741 946 831 profusam
962 742 1145 830 lacrimas,
1158 765 1216 809 sae-

246 845 333 936 pius
359 865 485 911 coram
508 863 597 934 rege
627 853 756 930 questa·
775 853 850 928 est,
884 841 1131 937 amplissimas
1153 841 1216 912 sibi

246 945 286 1012 in
301 943 522 1014 Vindlandia
538 941 789 1031 possessiones
803 941 920 1016 fuisse
933 990 942 1027 ,
954 972 957 982 =
968 942 1023 1010 itti
1037 955 1126 1009 vero
1146 957 1213 1008 ter-

246 1043 453 1133 r·arum'(in
481 1041 683 1130 Norrepia)
710 1063 788 1108 esse
811 1043 953 1128 nullae,
1007 1043 1212 1133 uaiesr'egi-

247 1167 334 1212 narn
354 1142 540 1210 decerent.
581 1143 715 1214 Multis
731 1138 995 1209 interdum'ad'
1027 1141 1212 1210 lauditiem

248 1242 476 1331 compositis·-
491 1243 611 1310 verbis
640 1261 771 1332 regem
792 1241 959 1331 rogavit,
982 1255 1026 1308 ut
1046 1263 1126 1310 suas
1147 1241 1212 1309 sibi

246 1343 419 1410 redderet
430 1343 702 1431 possessionen,
730 1343 829 1430 apud
843 1341 1080 1409 Burizlavum
1093 1357 1221 1454 regem‘

245 1457 350 1510 tanta
384 1463 516 1556 regern
546 1445 706 1510 Olavum
732 1443 883 1552 pollere
902 1441 1089 1529 amicitia,
1121 1442 1207 1508 utsi

247 1543 508 1656 convenirent,
542 1565 773 1633 quaecunque
783 1541 964 1632 petiisset
986 1563 1053 1609 rex
1073 1541 1205 1624 Olarus',

202 1713 205 1719 ,
244 1641 356 1710 facile
378 1657 474 1710 esset
496 1643 776 1734 impetraturus,
843 1641 916 1734 Qui
936 1664 1060 1730 sermo
1086 1637 1206 1710 ubiad

244 1745 344 1835 regis
367 1744 473 1811 Olavi
490 1746 627 1812 amicos
647 1744 785 1812 relatus
804 1755 878 1828 est,
907 1763 1036 1809 omnes
1049 1743 1131 1834 regi
1146 1742 1211 1808 iter
1235 1795 1236 1798 ,

244 1843 287 1912 in
310 1843 593 1929 Vindiandiam,
641 1842 792 1910 tametsi
821 1842 953 1938 regina
989 1843 1204 1925 hortaretur,
1234 1843 1236 1882 ³

247 1941 512 2032 dissvadebant.
567 1947 619 2011 Ea
632 1942 758 2010 hieme
773 1942 870 2009 bona
887 1942 960 2009 fuit
982 1943 1207 2032 ooeli'tempe
1234 1951 1236 1998 ἵ

157 2123 162 2134 ,
247 2055 367 2148 stas,
383 2061 464 2130 quae
490 2043 647 2109 ineunte
680 2065 767 2110 rere
787 2041 949 2110 laetams
949 2052 1090 2134 rugum
1115 2060 1209 2132 spem

244 2141 466 2232 promisit·
494 2143 691 2213 Memoriae
713 2141 906 2239 proditum
928 2155 1002 2230 est,
1045 2164 1144 2210 cum
1151 2160 1205 2208 rex

246 2238 382 2310 Oiarus
409 2242 470 2309 die
499 2243 702 2310 dominica
698 2231 928 2354 palmarum
962 2256 1030 2331 per
1054 2245 1203 2333 plateam
1234 2279 1236 2322 ι

175 2337 178 2342 ’
244 2329 485 2436 procederet,
529 2343 747 2410 occurrisse
762 2341 812 2410 ei
826 2341 1031 2431 quendam,
1070 2357 1203 2433 portan-

244 2457 321 2509 tem
339 2444 470 2512 herbas
491 2446 675 2536 ang'elicas
689 2433 892 2531 plurimas,
918 2443 1136 2532 ecquidem
1153 2464 1203 2511 re·

244 2543 294 2609 ris
309 2546 480 2632 tempore
494 2544 598 2608 mirae
608 2543 898 2633 magnitudinim
913 2565 991 2609 rex
1007 2562 1202 2613 unammit—

136 2727 138 2732 .
243 2645 323 2709 le'm
341 2665 456 2710 manu
473 2655 659 2730 arreptam
674 2643 830 2710 domum
849 2642 1022 2732 portarit.
1076 2643 1201 2736 Regino

245 2740 423 2830 Thyria
413 2763 453 2808 ιιι
476 2741 643 2809 conclavi
662 2742 811 2830 sedens,
839 2763 928 2834 rege
949 2745 1130 2832 intrante,
1158 2743 1203 2810 ia

245 2824 491 2924 crimabatur3
531 2863 592 2908 cut
608 2863 692 2909 rex
720 2865 768 2910 en
783 2842 874 2930 tlbl,
901 2843 1046 2932 inquit,
1074 2845 1202 2912 caulem

244 2941 357 3032 angel
359 2941 430 3008 itae
443 2942 587 3009 eximiae
605 2929 895 3058 magnitudinis,
923 2963 1045 3031 quem
1063 2942 1129 3012 tibi
1148 2942 1198 3010 do·

244 3065 304 3109 no.
358 3042 427 3108 Illa
440 3065 555 3110 manu
569 3065 706 3110 munus
720 3061 909 3129 rejiciens,
937 3038 1048 3112 dixit:
1076 3043 1202 3130 maiam

245 3141 340 3218 dona
355 3141 456 3240 dedit
450 3155 578 3256 pater
593 3165 701 3209 meus
714 3143 936 3229 ,Haraldus
952 3143 1086 3222 Gormi
1102 3143 1196 3241 iilius,

246 3257 283 3309 et
307 3221 430 3310 miniis
450 3234 601 3329 timuit,
641 3241 773 3335 patria
788 3237 939 3330 relicta,
973 3232 1196 3331 honorem)

244 3365 356 3410 suum
375 3356 547 3432 repetere
563 3339 801 3434 (vindicare),
821 3365 934 3431 quam
946 3357 988 3410 tu
997 3342 1088 3412 facls
1096 3365 1196 3425 nunt,

246 3441 353 3526 cujus
370 3442 425 3509 iet
440 3442 631 3531 specimen
657 3442 778 3530 dedit,
813 3457 899 3510 cum
918 3442 1025 3511 huc'
1015 3466 1056 3512 m
1077 3447 1195 3516 Norre·

244 3541 347 3634 giam
376 3544 491 3609 classe
505 3541 710 3632 advectus,
723 3594 726 3604 .
740 3541 952 3620 rnaxirnam‘
967 3543 1083 3628 hujus
1107 3544 1198 3640 negti

242 3658 391 3732 partem
414 3641 589 3730 vastavit,
625 3656 750 3710 toturn
775 3665 863 3711 vero
892 3663 980 3714 cum
1002 3643 1195 3722 tributistt

473 3780 668 3818 *¹¹⁸

185 3943 187 3948 ,
247 3877 366 3951 ¹)1ign]
378 3887 495 3952 quamvis
484 3883 564 3938 §hae'e
580 3883 658 3936 temo
665 3878 750 3933 haud
748 3880 948 3936 mcommodum
962 3875 1072 3940 sensum
1081 3889 1194 3954 sumine

283 3989 345 4022 mox
358 3989 410 4042 seq
405 3985 463 4023 ιιιι
456 3993 477 4024 ιι
489 3957 534 4028 im
512 3963 582 4040 rid,
603 3955 729 4027 adtett'
707 3993 739 4025 ne
735 3955 929 4044 praefeienda
930 3980 962 4028 sit
974 3965 1053 4030 lectio
1069 3972 1132 4031 Hks}
1141 3975 1192 4050 σι’ἰιι,

281 4065 464 4137 possessiones
488 4065 544 4141 §ic
564 4083 648 4116 err-otc
663 4065 752 4115 librari
774 4056 910 4137 eignadir,
938 4078 985 4138 pro
1006 4055 1192 4140 egnatium,

190 4151 195 4160 ⁸
282 4171 338 4222 cap·
354 4153 425 4204 108
417 4174 444 4204 ιιι
463 4151 524 4205 fine.
