2502 4774
312 263 373 358 90
606 271 872 351 '..-.-.-············..
1103 293 1162 357 182
1177 267 1209 358 c.

250 492 325 584 vit'3
351 495 603 566 adolescentes
620 519 706 566 vero
721 495 761 566 in
774 495 883 569 Vikia
899 477 990 566 duas
1003 477 1156 582 hiemes,
1171 517 1212 561 ex

253 621 327 689 quo
354 622 374 666 a
401 598 543 668 Hrafne
558 599 732 666 libertate
754 598 884 666 donati
903 609 1031 684 erant,
1060 617 1210 662 commo-

251 700 325 770 rati
347 711 452 782 sunt3
493 719 568 789 quo
590 711 765 790 tempore
790 698 968 788 pecunia,
1001 717 1114 788 quam
1130 694 1208 784 ipsis

253 799 424 885 dederat,
452 797 493 866 in
507 797 650 867 victum
662 810 858 870 consumta
878 811 965 867 erat.
1018 801 1122 870 Tum
1140 795 1210 888 Sig-

250 900 412 970 mundus
428 911 508 966 erat
523 896 723 968 duodecim
737 919 942 988 annorum,
969 897 1117 970 Thoter
1132 918 1210 988 qua-

249 999 472 1079 tuordecim.

352 1099 438 1188 Cap.
460 1106 529 1174 182.
581 1103 739 1189 AEstate,
767 1123 841 1192 que
862 1100 1010 1169 Brester
1030 1111 1067 1165 et
1088 1093 1209 1164 Beiner

250 1199 293 1270 in
301 1199 459 1290 Faereyis
477 1198 592 1267 occisi
609 1215 724 1289 erant,
744 1213 782 1270 et
802 1199 1056 1270 adolescentes
1070 1196 1111 1264 in
1127 1198 1208 1266 Nor-

250 1301 398 1394 vegiam
422 1313 628 1388 venerunt,
671 1299 856 1372 Haraldus
884 1297 1082 1370 Grafeldus
1104 1315 1208 1388 regno

253 1413 389 1469 exutus
411 1413 489 1486 est,
504 1399 686 1472 Hakonus
695 1423 783 1469 vero
795 1413 959 1492 satrapes
969 1397 1142 1466 maximae
1151 1397 1209 1464 im·

250 1499 349 1593 perii
362 1500 560 1593 Norvegici
574 1500 672 1591 parti
683 1501 728 1569 ab
742 1500 906 1572 Haraldo
922 1498 1113 1584 Gormida,
1131 1517 1210 1588 rege

251 1605 469 1688 Danorum,
516 1599 713 1695 praefectus
747 1615 820 1689 est,
865 1599 1158 1693 frequenterque
1177 1597 1210 1664 iu

158 1717 161 1724 '
251 1700 537 1774 Thrandheimo
555 1723 593 1768 se
608 1701 830 1769 continebat.
884 1699 1211 1790 Cumverocogna-

249 1801 282 1868 ti
304 1801 531 1893 Sigmundus
552 1813 591 1866 et
615 1789 763 1872 Thorer
777 1801 906 1892 inopia
919 1801 1144 1887 laborarent,
1168 1795 1210 1863 vi·

249 1911 373 1992 taeque
388 1899 537 1968 tuendae
555 1899 728 1968 subsidiis
742 1901 783 1968 in·
800 1901 908 1973 Vikia
924 1913 1113 1988 carerent,
1138 1917 1210 1986 sep·

249 2000 640 2090 temtrionemversus,
667 2001 862 2090 satrapam
880 2015 1117 2088 conventum,
1134 2019 1211 2088 pro·

250 2099 368 2171 ficisci
388 2100 565 2190 cupiunt,
592 2123 612 2168 a
629 2101 951 2192 quopotissimum
965 2098 1108 2192 aliquid
1119 2097 1212 2166 auxi-

250 2201 295 2272 lii
312 2200 596 2292 exspectabant,
622 2202 723 2293 quod
746 2213 870 2292 patres
892 2200 952 2268 sui
966 2201 1023 2268 illi
1041 2221 1211 2290 apparue-

251 2315 338 2371 rant
352 2300 501 2392 carique
516 2301 628 2370 amici
642 2301 800 2370 fuerant.
862 2299 1010 2372 Deinde
1030 2299 1103 2367 iter
1118 2323 1139 2368 a
1159 2297 1212 2368 Vi-

249 2402 312 2472 kia
326 2401 610 2494 ingrediuntur,
636 2402 758 2492 primo
775 2402 816 2470 in
835 2400 1052 2493 Upplanda,
1080 2413 1117 2466 et
1131 2397 1211 2466 inde

249 2503 296 2572 ab
320 2500 493 2570 orientali
513 2502 631 2570 latere
647 2500 912 2590 Heidmarkiae'
924 2501 1211 2568 circumflecten-

249 2616 325 2689 tes,
357 2600 510 2668 boream
533 2621 661 2669 versus
679 2601 724 2669 ad
740 2615 909 2671 montem
925 2599 1126 2670 Dofricum
1152 2599 1211 2665 sub

249 2701 372 2792 ipsam
389 2700 556 2772 hiemem
569 2702 741 2790 veniunt,
775 2702 929 2793 'duoque
952 2724 1028 2769 una
1050 2711 1212 2768 montem

238 2802 425 2894 ingressi,
456 2821 567 2867 saevas
592 2815 832 2893 tempestates
855 2803 1000 2892 experti
1024 2815 1131 2883 sunt5
1170 2799 1211 2865 ob

250 2903 424 2972 locorum
448 2899 676 2990 imperitiam
700 2903 759 2971 via
784 2904 1019 2984 aberrarunt3
1052 2923 1139 2968 mox
1160 2898 1211 2965 iti-

249 3023 342 3092 nera
360 3000 508 3070 nivibus
527 3003 682 3094 ingestis
704 3001 803 3071 invia
826 3003 943 3086 facta3
981 3015 1020 3069 et
1040 3001 1120 3088 jam
1140 2999 1210 3066 sine

249 3102 429 3171 alimento
448 3103 587 3170 multos
609 3101 764 3170 diessub
782 3101 843 3170 dio
855 3116 989 3196 agunt,
1017 3115 1056 3168 et
1068 3123 1126 3168 res
1138 3115 1210 3167 tan·

185 3233 187 3246 ¹
250 3203 338 3272 dem
362 3203 545 3289 eovenit,
580 3202 1074 3273 utThorer‘succumberet
1095 3223 1210 3290 neque

248 3304 304 3372 ire
321 3305 480 3388 valeret,
507 3325 621 3392 quare
635 3302 886 3394 Sigmnndum
902 3303 1063 3390 monuit,
1090 3315 1134 3368 ut
1148 3298 1211 3367 sibi

248 3401 329 3495 ipse
343 3403 565 3489 consuleret,
586 3417 622 3470 et
638 3425 682 3470 ex
696 3415 824 3470 monte
843 3405 998 3472 evadere
1008 3415 1209 3470 conaretur.

250 3501 478 3595 Sigmundns
500 3501 717 3592 respondet:
754 3527 950 3593 nunquam
981 3503 1067 3590 fiet,
1105 3516 1149 3568 ut
1164 3501 1211 3566 ita

250 3602 529 3695 disjungamur3
555 3615 621 3670 aut
634 3605 745 3671 ambo
754 3603 947 3672 adtractus
960 3603 1145 3670 habitatos
1157 3601 1211 3669 de·

248 3703 462 3790 veniemus,
490 3718 554 3771 aut
573 3703 789 3771 moriemur.
845 3707 966 3774 Tanto
992 3718 1122 3771 autem
1139 3703 1210 3792 Sig-

248 3801 430 3891 munduS,
464 3803 633 3892 quamvis
652 3804 799 3891 junior,
833 3803 1023 3871 robustior
1045 3817 1140 3892 erat,
1174 3814 1211 3866 ut

250 3901 461 3974 Thorerem
483 3917 590 3995 tergo
614 3927 683 3972 suo
702 3903 924 3994 impositum
942 3903 1007 3971 diu
1026 3915 1208 3994 portaret,

250 4017 288 4072 et
311 4003 390 4094 ipse
415 4002 565 4070 tandem
580 4002 785 4072 admodum
800 4003 949 4097 fatigari
967 4006 1089 4093 coepit.
1142 4002 1210 4072 Die

248 4127 337 4173 vero
356 4101 520 4196 quodam
537 4105 660 4172 solum
681 4105 749 4173 sub
767 4105 925 4195 pedibus
943 4101 1211 4174 decliriusfieri
