2508 4766
305 201 392 298 1110
595 213 865 264 “““·““·
1092 217 1195 292 nec.-

599 267 864 288 *fl

238 439 317 526 jum
337 435 484 506 dect-ete
508 445 583 524 est,
614 433 958 524 morte-plectetur,
989 448 1093 528 quo
1081 419 1186 498 deter-

240 549 394 608 reantur
413 535 493 622 alii,
519 557 567 602 ne
580 535 719 601 aulicos
732 555 836 602 meos
850 535 1069 604 innocentes
1087 529 1186 600 inter-

240 637 378 708 noiant
430 635 583 705 Aulicus
600 645 746 722 autem,
770 654 858 702 cum
871 633 1116 726 intelligeret,
1138 653 1186 697 re-

241 755 329 832 gem
343 735 436 804 hac
425 757 466 803 111
480 757 521 802 re
534 725 653 802 verbis
667 735 743 800 suis
755 733 851 802 nihil
867 735 1116 818 tributurum,
1141 732 1186 799 Si-

241 835 405 932 gurdum
420 836 635 926 episcopum
648 833 892 924 conveniens,
916 835 997 902 haec
1010 857 1046 901 er
1035 831 1184 900 retulit.

240 936 445 1027 Episcopus
477 955 566 1002 eum
592 931 788 1002 confestim
814 933 862 1002 ad
888 951 1021 1026 regem
1045 931 1185 1015 remisit,

242 1053 369 1126 orans,
396 1047 440 1102 ut
454 1033 646 1102 hominem
667 1033 881 1104 dimitteret.
938 1037 1019 1104 Rex
1033 1029 1185 1122 reponit:

240 1136 341 1206 haud
366 1135 559 1224 episcopus
588 1133 807 1221 hominem,
847 1133 927 1204 solo
951 1132 1184 1216 incedentem,

241 1235 375 1306 melius
399 1255 512 1325 quam
531 1253 601 1326 ego
625 1231 807 1322 dispicere
821 1242 947 1324 potest
963 1233 1026 1326 (de
1042 1229 1188 1300 homini·

239 1337 310 1404 bus
334 1335 471 1403 melius
490 1333 656 1420 judicare
678 1332 755 1424 p.);
785 1350 851 1402 vos
871 1355 959 1402 vero
977 1355 1088 1423 quam
1101 1329 1187 1398 citis-

241 1437 334 1504 sime
350 1434 477 1502 exuite
491 1433 695 1502 hominem.
747 1435 902 1506 Factum
915 1433 1028 1502 illico.
1055 1427 1187 1502 Deinde

241 1557 377 1605 corona
393 1533 560 1602 virorum
577 1533 734 1626 Sigurdo
750 1533 992 1616 circumfusus
1018 1551 1123 1600 canes
1139 1551 1188 1596 so-

241 1634 314 1705 luti
330 1633 828 1724 vincto'nudoqueimmissi3
852 1633 971 1702 oculis
986 1643 1111 1700 autem
1120 1628 1188 1714 ejus

239 1749 317 1803 tam
326 1735 418 1801 acris
431 1732 483 1801 vis
499 1733 615 1800 inesse
626 1733 776 1824 dicitur,
802 1745 846 1802 ut
860 1751 989 1802 omnes
1001 1751 1105 1800 canes
1114 1741 1188 1796 con-

241 1847 413 1925 spectum
438 1831 518 1918 ejus
544 1831 729 1925 fugerint,
766 1833 969 1924 nullusque
996 1842 1075 1900 tam
1100 1827 1189 1896 ierus

240 1932 377 2020 fuerit,
410 1946 454 2000 ut
472 1950 586 2000 saevos
609 1931 867 2004 intendentem
884 1929 1013 2002 oculos
1028 1928 1189 1998 invadere

241 2049 351 2102 ausus
372 2031 429 2100 sit.
488 2035 591 2104 Tum
614 2051 681 2100 rex
702 2053 827 2102 ocrem
850 2049 962 2101 suum
981 2048 1113 2098 canem
1136 2027 1188 2096 Vi·

153 2137 156 2143 '
241 2133 348 2225 gium
368 2131 413 2200 ad
438 2152 478 2198 se
501 2143 674 2201 vocatum
700 2133 880 2225 palpavit,
918 2133 1029 2244 cipue
1057 2127 1189 2197 nudum

239 2233 350 2302 illum
364 2231 556 2301 hominem
571 2238 804 2318 monstratit3
830 2241 990 2302 surrexit
1001 2230 1112 2316 canis,
1135 2225 1189 2293 ud·

240 2331 396 2401 modum
409 2345 537 2400 tamen
550 2331 705 2423 invitus,
729 2335 902 2424 rictuque
916 2331 1070 2399 efferato
1087 2327 1130 2397 nd
1143 2325 1190 2392 Si·

241 2431 405 2524 'gurdutn
426 2431 680 2520 procucurrit,
718 2453 881 2525 eumque
903 2425 1189 2500 unavicedenti-

239 2531 309 2602 bus
330 2543 574 2622 appetens,a
554 2531 679 2600 alium
692 2535 814 2632 rupit3
840 2552 928 2602 mox
942 2531 987 2600 ad
1004 2549 1189 2622 regumre-

241 2648 394 2700 currens
409 2629 454 2696 ad
470 2629 627 2718 pedes
596 2651 675 2716 eJus
689 2629 875 2704 decubuit
906 2631 1088 2722 Sigurdus
1100 2648 1187 2712 vero,

242 2751 328 2798 cum
345 2727 516 2798 dolorem
527 2731 690 2802 vulneris
706 2733 879 2822 sentiret,
894 2727 1019 2800 subito
1037 2726 1186 2812 exsiluit,

241 2829 380 2921 quippe
398 2821 503 2915 cujus
526 2830 639 2920 pedes
654 2823 768 2903 soluti
787 2847 930 2919 essent,
956 2841 1089 2898 manus
1109 2848 1188 2896 vero

239 2929 444 3016 revinctae,
449 2945 698 3020 oronamque
708 2931 903 3002 hommum
917 2929 1188 2999 transilientes·

240 3028 375 3099 animis
400 3029 546 3098 decidit
607 3029 715 3124 Quod
740 3051 825 3102 cum
844 3031 888 3100 ad
910 3049 1017 3098 aures
1035 3017 1187 3120 episcopi

238 3121 485 3221 pervenisset,
515 3143 645 3224 regent
667 3129 794 3199 odiens
815 3133 975 3225 graviter
997 3127 1187 3218 increpuit,

239 3243 364 3320 usque
385 3253 428 3298 eo
454 3227 570 3300 donec
593 3229 638 3298 od
662 3230 774 3320 pedes
800 3231 964 3322 episcopi
991 3229 1186 3320 procidens,

238 3349 324 3396 vera
343 3330 562 3418 poenitentia
585 3342 708 3398 motus
725 3331 871 3400 veniam
885 3326 1081 3398 humiliter
1105 3325 1188 3418 peti-

237 3427 308 3514 vit,
344 3429 718 3519 lacrimabundusque
743 3431 929 3500 confessus
951 3443 1024 3518 est,
1062 3441 1101 3499 se
1124 3427 1187 3494 hoc

240 3527 384 3597 crudeli
404 3527 569 3597 facinore
585 3528 743 3622 graviter
761 3531 802 3598 111
816 3541 1019 3621 conspectu
1035 3528 1094 3597 dei
1107 3525 1188 3594 deli-

240 3628 374 3719 quisse.
426 3629 648 3720 Episcopus,
675 3631 772 3722 reg'is
786 3629 1045 3744 poenitentiam
1060 3625 1187 3696 intelli·

239 3746 350 3818 gens,
383 3729 605 3818 placabilem
628 3751 666 3798 se
687 3731 746 3798 dei
769 3731 922 3800 nomine
944 3728 1125 3844 praebuit,
1159 3723 1188 3790 ei

238 3841 365 3896 tamen
385 3849 534 3917 poenam
556 3829 846 3901 ecclesiasticam
867 3848 935 3922 pru
963 3830 1033 3899 hac
1060 3834 1101 3895 ie
1129 3845 1188 3915 pu·

133 3960 136 3970 ·
161 3991 162 3996 ,
238 3921 550 4002 blicecunstituit
