2502 4774
65 257 179 332 ruo·
406 249 727 308 -ffl
869 252 955 350 145

64 475 221 552 Thorem
239 484 277 543 e't
292 471 474 558 Odidem3
503 489 605 546 nunc
621 492 747 548 autem
761 495 809 550 ert
824 487 898 556 tu'is
911 479 1017 558 mm·

62 581 131 647 ime
154 569 276 645 verbis
307 573 522 667 intelligere
540 577 638 646 mihi
657 580 803 669 videor,
844 586 887 657 in
910 589 1018 658 nuno

64 677 263 763 Christum,
289 695 400 765 quem
411 673 600 765 praedi'cas,
627 677 716 749 dum
733 681 773 750 in
785 681 1013 758 boemundo

61 777 144 866 fuit,
171 777 308 866 cuique
322 773 441 843 ferme
456 773 602 848 homini
616 799 685 870 pro
702 782 824 852 lubitu
839 797 951 877 agere
969 789 1013 859 li-

62 878 192 966 cuisse,
218 887 487 968 postmortem
508 898 597 945 vero
614 879 707 948 adeo
726 882 911 954 eximium
932 901 1014 958 eta-

61 979 167 1066 sisse,
198 987 243 1044 ut
262 975 304 1046 in
326 973 479 1044 infernis
501 971 601 1046 bella
625 981 800 1072 gesserit,
844 985 1013 1059 rnorem

62 1077 288 1147 ethnicorum
302 1073 458 1170 deorum
472 1067 682 1168 principem
697 1083 941 1176 colligaverit,
955 1089 1013 1156 ni·

59 1179 179 1268 hilque
200 1177 376 1266 deinceps
396 1173 454 1244 illi
475 1176 648 1248 resistere
668 1184 856 1271 potuerim
887 1201 1010 1277 *quare

58 1279 115 1346 ille
126 1277 205 1368 ipse
220 1273 316 1344 mihi
331 1273 478 1346 videtur
492 1296 559 1344 rex
574 1291 669 1368 esse,
695 1281 756 1350 cui
773 1299 817 1352 ut
832 1287 1011 1360 servirem

58 1391 177 1446 votum
191 1372 280 1466 secl,
314 1369 446 1444 celsior
468 1389 506 1446 et
518 1380 731 1470 augustior,
755 1383 874 1470 major
891 1400 929 1454 et
945 1406 1010 1477 po·

55 1477 184 1546 tentior
198 1473 372 1545 omnibus
390 1475 472 1545 aliis
488 1477 660 1571 regibus3
696 1480 859 1574 'ideoque
875 1486 1010 1556 exinde

54 1577 91 1646 in
104 1593 186 1644 eum
200 1575 349 1646 credam
364 1575 497 1667 illique
512 1579 688 1669 serviam,
723 1595 838 1672 prout
857 1599 920 1654 vos
946 1609 1008 1656 me

53 1675 241 1746 instruitis.
294 1676 499 1768 Episcopus
521 1677 641 1748 fatur:
673 1681 755 1750 haec
779 1685 904 1756 amnia
922 1699 1008 1754 vera

53 1791 150 1865 suut,
175 1775 322 1868 prouti,
342 1777 410 1846 deo
423 1793 668 1872 suggerente,
692 1781 790 1852 hanc
806 1785 1008 1854 remintel-

51 1877 144 1946 lectu
154 1890 373 1946 consecutus
392 1897 448 1962 ess
472 1893 513 1946 et
527 1895 629 1948 nunc
647 1883 783 1971 evenit,
808 1885 1005 1975 quoddixi,

50 1991 85 2043 te
112 1973 228 2046 multo
263 1977 527 2069 'sapientiorem
555 1993 653 2070 esse,
696 1997 808 2073 quam
839 1985 1004 2054 simules.

50 2079 144 2147 Tum
167 2079 306 2147 Firmus
335 2077 544 2169 baptizatus
574 2095 646 2168 est,
684 2081 874 2174 fidemque
896 2103 1006 2153 suam

50 2187 253 2247 constanter
267 2180 407 2265 tenuit3
433 2179 464 2248 is
477 2176 709 2270 aliquamdiu
723 2181 896 2270 i‘nDania
905 2205 1005 2254 com⁴

46 2289 202 2346 moratus
224 2291 289 2347 est.
333 2301 335 2316 ·

147 2447 385 2543 malequam
411 2447 656 2544 interregem
675 2463 715 2522 at
739 2425 915 2522 metm.

64 2607 67 2614 ¹
135 2577 222 2672 Cap.
238 2585 310 2654 tot.
363 2585 472 2654 Nunc
492 2571 537 2652 de
565 2583 875 2674 emanandum,
903 2585 1002 2676 quod

45 2699 103 2747 rex
116 2681 249 2750 Olavus
264 2682 403 2752 incolas
417 2683 610 2777 Norvegiae
626 2685 672 2753 ad
681 2683 1002 2758 christianismum

47 2796 278 2851 converterat.
339 2781 419 2854 Etsi
439 2805 528 2852 vero
547 2780 756 2855 multitudo
774 2786 1000 2878 apresbyte·

44 2879 105 2968 ris,
131 2903 222 2972 quos
236 2883 450 2952 rexOlavus
467 2897 553 2974 post
578 2885 721 2954 caedem
743 2877 1000 2978 Yrjarslreggii

44 2993 271 3067 peromnem
294 2982 622 3056 Thrandheimum
636 2983 843 3073 dimiserat,
880 2985 999 3076 bapti-

44 3095 114 3147 zata
134 3095 204 3168 est,
230 3095 358 3150 tamen
380 3083 449 3172 ibi,
475 3097 519 3152 ut
541 3080 623 3152 aliis
639 3084 678 3151 in
695 3085 803 3172 lociS,
828 3083 997 3172 fluerunt,

44 3181 248 3272 quiveram
278 3183 502 3276 religionem
527 3173 706 3276 ampiecti
733 3184 994 3252 detrectarent.

42 3277 79 3347 In
97 3280 152 3348 his
171 3281 245 3350 fu'it
265 3283 415 3370 Sveinn,
450 3285 556 3370 cujus
583 3297 694 3374 supra
717 3284 860 3380 mentio
885 3283 995 3371 facta,

41 3377 202 3472 filiusque
212 3383 291 3467 ejus
304 3379 441 3452 Svelnn
453 3399 539 3453 cum
557 3383 769 3453 domesticis
784 3383 873 3452 suis
915 3385 997 3454 Rex

40 3499 118 3552 vero
139 3483 293 3572 Olavus,
330 3493 421 3550 cum
442 3483 610 3574 sumet,
635 3495 782 3574 patrem
799 3477 996 3572 liliumque

40 3576 252 3674 religionem
267 3595 459 3673 acceptare
475 3582 599 3673 nolle,
626 3577 740 3653 misso
756 3583 903 3670 nuntio,
931 3595 996 3672 eos

40 3680 78 3746 ad
93 3703 129 3747 se
144 3678 326 3751 invitavit.
345 3691 347 3694 ’
386 3685 529 3776 Quibus
547 3703 634 3752 cum
649 3685 748 3776 regis
762 3685 918 3752 nuntius
934 3695 994 3750 ve-

39 3777 162 3868 nisset,
200 3780 338 3851 Sveinn
355 3782 482 3868 junior
501 3795 647 3874 patrem
663 3784 833 3851 hortatus
844 3791 922 3869 est',
949 3792 994 3848 ut

39 3879 271 3971 religionem,
313 3895 426 3973 quam
450 3881 600 3972 juberet
623 3895 708 3978 rex,
742 3891 990 3972 acceptarent.
1101 3963 1104 3968 Ι

39 3977 163 4048 Sveinn
176 3983 301 4051 senior
316 4005 354 4051 se
365 3995 442 4053 no'n
453 3983 632 4074 cupidum
650 3981 744 4050 dixit
758 3981 917 4051 novandi
935 4005 990 4048 re-

67 4112 89 4158 2.
101 4111 155 4160 vol.
767 4085 797 4151 K
