<?xml version="1.0" encoding="UTF-8"?>
<!DOCTYPE html PUBLIC "-//W3C//DTD XHTML 1.0 Transitional//EN"
    "http://www.w3.org/TR/xhtml1/DTD/xhtml1-transitional.dtd">
<html xmlns="http://www.w3.org/1999/xhtml" xml:lang="en" lang="en">
 <head>
  <title>
</title>
<meta http-equiv="Content-Type" content="text/html;charset=utf-8" />
  <meta name='ocr-system' content='tesseract 3.04.00' />
  <meta name='ocr-capabilities' content='ocr_page ocr_carea ocr_par ocr_line ocrx_word'/>
</head>
<body>
  <div class='ocr_page' id='page_1' title='image "./scriptahistoric00unkngoog_0052.png"; bbox 0 0 2550 4772; ppageno 0'>
   <div class='ocr_carea' id='block_1_1' title="bbox 419 222 967 364">
    <p class='ocr_par' dir='ltr' id='par_1_1' title="bbox 419 222 967 364">
     <span class='ocr_line' id='line_1_1' title="bbox 419 222 967 364; baseline -0.007 4"><span class='ocrx_word' id='word_1_1' title='bbox 419 222 684 326; x_wconf 56' lang='lat' dir='ltr'><strong>r--·&#39;</strong></span> <span class='ocrx_word' id='word_1_2' title='bbox 910 276 967 364; x_wconf 69' lang='lat' dir='ltr'><strong>aa</strong></span> 
     </span>
    </p>
   </div>
   <div class='ocr_carea' id='block_1_2' title="bbox 419 335 684 350">
    <p class='ocr_par' dir='ltr' id='par_1_2' title="bbox 419 335 684 350">
     <span class='ocr_line' id='line_1_2' title="bbox 419 335 684 350; baseline -0.011 -2"><span class='ocrx_word' id='word_1_3' title='bbox 419 335 684 350; x_wconf 57' lang='lat' dir='ltr'><em>W</em></span> 
     </span>
    </p>
   </div>
   <div class='ocr_carea' id='block_1_3' title="bbox 67 493 1027 898">
    <p class='ocr_par' dir='ltr' id='par_1_3' title="bbox 67 493 1027 898">
     <span class='ocr_line' id='line_1_3' title="bbox 67 493 1026 596; baseline -0.004 -20"><span class='ocrx_word' id='word_1_4' title='bbox 67 505 144 576; x_wconf 80' lang='lat' dir='ltr'><strong>Rex</strong></span> <span class='ocrx_word' id='word_1_5' title='bbox 179 497 421 572; x_wconf 78' lang='lat' dir='ltr'><strong>Hallirbdum</strong></span> <span class='ocrx_word' id='word_1_6' title='bbox 453 493 684 588; x_wconf 86' lang='lat' dir='ltr'><strong>baptizatum</strong></span> <span class='ocrx_word' id='word_1_7' title='bbox 719 503 912 573; x_wconf 82' lang='lat' dir='ltr'><strong>avunculis</strong></span> <span class='ocrx_word' id='word_1_8' title='bbox 937 503 1026 596; x_wconf 89' lang='lat' dir='ltr'><strong>suis,</strong></span> 
     </span>
     <span class='ocr_line' id='line_1_4' title="bbox 67 598 1027 694; baseline -0.002 -18"><span class='ocrx_word' id='word_1_9' title='bbox 67 599 302 676; x_wconf 81' lang='lat' dir='ltr'><strong>Karlshbfudi</strong></span> <span class='ocrx_word' id='word_1_10' title='bbox 317 614 356 668; x_wconf 90' lang='lat' dir='ltr'><strong>et</strong></span> <span class='ocrx_word' id='word_1_11' title='bbox 373 598 541 686; x_wconf 87' lang='lat' dir='ltr'><strong>Josteini,</strong></span> <span class='ocrx_word' id='word_1_12' title='bbox 558 601 733 694; x_wconf 81' lang='lat' dir='ltr'><strong>tradidit,</strong></span> <span class='ocrx_word' id='word_1_13' title='bbox 772 618 816 672; x_wconf 86' lang='lat' dir='ltr'><strong>ut</strong></span> <span class='ocrx_word' id='word_1_14' title='bbox 831 622 918 674; x_wconf 91' lang='lat' dir='ltr'><strong>eum</strong></span> <span class='ocrx_word' id='word_1_15' title='bbox 936 605 1027 674; x_wconf 86' lang='lat' dir='ltr'><strong>Cre-</strong></span> 
     </span>
     <span class='ocr_line' id='line_1_5' title="bbox 68 698 1027 778; baseline 0 -4"><span class='ocrx_word' id='word_1_16' title='bbox 68 708 113 774; x_wconf 83' lang='lat' dir='ltr'><strong>de</strong></span> <span class='ocrx_word' id='word_1_17' title='bbox 134 715 171 772; x_wconf 88' lang='lat' dir='ltr'><strong>et</strong></span> <span class='ocrx_word' id='word_1_18' title='bbox 197 705 321 772; x_wconf 83' lang='lat' dir='ltr'><strong>Pater</strong></span> <span class='ocrx_word' id='word_1_19' title='bbox 346 713 474 772; x_wconf 79' lang='lat' dir='ltr'><strong>noster</strong></span> <span class='ocrx_word' id='word_1_20' title='bbox 491 698 681 772; x_wconf 85' lang='lat' dir='ltr'><strong>docerent.</strong></span> <span class='ocrx_word' id='word_1_21' title='bbox 733 707 835 778; x_wconf 87' lang='lat' dir='ltr'><strong>Tum</strong></span> <span class='ocrx_word' id='word_1_22' title='bbox 861 717 898 774; x_wconf 86' lang='lat' dir='ltr'><strong>et</strong></span> <span class='ocrx_word' id='word_1_23' title='bbox 914 705 1027 774; x_wconf 82' lang='lat' dir='ltr'><strong>Bran·</strong></span> 
     </span>
     <span class='ocr_line' id='line_1_6' title="bbox 69 799 1024 898; baseline 0.001 -26"><span class='ocrx_word' id='word_1_24' title='bbox 69 805 132 872; x_wconf 87' lang='lat' dir='ltr'><strong>dus</strong></span> <span class='ocrx_word' id='word_1_25' title='bbox 148 801 313 873; x_wconf 89' lang='lat' dir='ltr'><strong>liberalis</strong></span> <span class='ocrx_word' id='word_1_26' title='bbox 331 815 369 870; x_wconf 92' lang='lat' dir='ltr'><strong>et</strong></span> <span class='ocrx_word' id='word_1_27' title='bbox 384 799 540 892; x_wconf 79' lang='lat' dir='ltr'><strong>fratres,</strong></span> <span class='ocrx_word' id='word_1_28' title='bbox 578 802 1024 898; x_wconf 50' lang='lat' dir='ltr'><strong>siliissreidaaessskeggii,</strong></span> 
     </span>
    </p>
   </div>
   <div class='ocr_carea' id='block_1_4' title="bbox 65 901 1065 3717">
    <p class='ocr_par' dir='ltr' id='par_1_4' title="bbox 65 901 1065 3717">
     <span class='ocr_line' id='line_1_7' title="bbox 68 901 1026 1002; baseline 0 -28"><span class='ocrx_word' id='word_1_29' title='bbox 68 903 202 994; x_wconf 91' lang='lat' dir='ltr'><strong>aliique</strong></span> <span class='ocrx_word' id='word_1_30' title='bbox 217 925 347 971; x_wconf 89' lang='lat' dir='ltr'><strong>omnes</strong></span> <span class='ocrx_word' id='word_1_31' title='bbox 360 901 519 992; x_wconf 86' lang='lat' dir='ltr'><strong>Islandi,</strong></span> <span class='ocrx_word' id='word_1_32' title='bbox 547 903 613 992; x_wconf 88' lang='lat' dir='ltr'><strong>qui</strong></span> <span class='ocrx_word' id='word_1_33' title='bbox 631 903 673 974; x_wconf 92' lang='lat' dir='ltr'><strong>in</strong></span> <span class='ocrx_word' id='word_1_34' title='bbox 690 903 954 1002; x_wconf 84' lang='lat' dir='ltr'><strong>oppidoerant‚</strong></span> <span class='ocrx_word' id='word_1_35' title='bbox 968 929 1026 974; x_wconf 90' lang='lat' dir='ltr'><strong>re·</strong></span> 
     </span>
     <span class='ocr_line' id='line_1_8' title="bbox 68 1001 1025 1096; baseline -0.001 -21"><span class='ocrx_word' id='word_1_36' title='bbox 68 1004 244 1096; x_wconf 84' lang='lat' dir='ltr'><strong>ligionem</strong></span> <span class='ocrx_word' id='word_1_37' title='bbox 270 1001 512 1074; x_wconf 82' lang='lat' dir='ltr'>christianam</span> <span class='ocrx_word' id='word_1_38' title='bbox 540 1005 705 1093; x_wconf 86' lang='lat' dir='ltr'><strong>amplexi</strong></span> <span class='ocrx_word' id='word_1_39' title='bbox 738 1019 837 1080; x_wconf 84' lang='lat' dir='ltr'><strong>sunt.</strong></span> <span class='ocrx_word' id='word_1_40' title='bbox 914 1007 1025 1079; x_wconf 83' lang='lat' dir='ltr'><strong>Festo</strong></span> 
     </span>
     <span class='ocr_line' id='line_1_9' title="bbox 67 1102 1024 1196; baseline 0.003 -24"><span class='ocrx_word' id='word_1_41' title='bbox 67 1127 147 1172; x_wconf 83' lang='lat' dir='ltr'><strong>vero</strong></span> <span class='ocrx_word' id='word_1_42' title='bbox 162 1102 303 1174; x_wconf 86' lang='lat' dir='ltr'><strong>lolensi</strong></span> <span class='ocrx_word' id='word_1_43' title='bbox 323 1117 523 1196; x_wconf 80' lang='lat' dir='ltr'><strong>vergente,</strong></span> <span class='ocrx_word' id='word_1_44' title='bbox 570 1127 657 1194; x_wconf 81' lang='lat' dir='ltr'><strong>rex,</strong></span> <span class='ocrx_word' id='word_1_45' title='bbox 695 1106 819 1180; x_wconf 86' lang='lat' dir='ltr'><strong>missis</strong></span> <span class='ocrx_word' id='word_1_46' title='bbox 842 1105 884 1190; x_wconf 81' lang='lat' dir='ltr'><strong>in</strong></span> <span class='ocrx_word' id='word_1_47' title='bbox 905 1106 1024 1176; x_wconf 88' lang='lat' dir='ltr'><strong>Strin-</strong></span> 
     </span>
     <span class='ocr_line' id='line_1_10' title="bbox 67 1202 1024 1297; baseline 0.003 -25"><span class='ocrx_word' id='word_1_48' title='bbox 67 1205 163 1297; x_wconf 87' lang='lat' dir='ltr'><strong>dam,</strong></span> <span class='ocrx_word' id='word_1_49' title='bbox 190 1202 459 1276; x_wconf 87' lang='lat' dir='ltr'><strong>Gaulardalum</strong></span> <span class='ocrx_word' id='word_1_50' title='bbox 474 1217 513 1273; x_wconf 90' lang='lat' dir='ltr'><strong>et</strong></span> <span class='ocrx_word' id='word_1_51' title='bbox 530 1204 778 1280; x_wconf 83' lang='lat' dir='ltr'><strong>Orkardalum</strong></span> <span class='ocrx_word' id='word_1_52' title='bbox 791 1207 946 1297; x_wconf 79' lang='lat' dir='ltr'><strong>nuntiis,</strong></span> <span class='ocrx_word' id='word_1_53' title='bbox 960 1228 1024 1297; x_wconf 91' lang='lat' dir='ltr'><strong>op-</strong></span> 
     </span>
     <span class='ocr_line' id='line_1_11' title="bbox 67 1304 1023 1398; baseline 0.002 -25"><span class='ocrx_word' id='word_1_54' title='bbox 67 1305 207 1374; x_wconf 87' lang='lat' dir='ltr'><strong>timates</strong></span> <span class='ocrx_word' id='word_1_55' title='bbox 226 1304 393 1397; x_wconf 86' lang='lat' dir='ltr'><strong>aliosque</strong></span> <span class='ocrx_word' id='word_1_56' title='bbox 412 1325 568 1398; x_wconf 85' lang='lat' dir='ltr'><strong>magnos</strong></span> <span class='ocrx_word' id='word_1_57' title='bbox 592 1309 745 1378; x_wconf 90' lang='lat' dir='ltr'><strong>colonos</strong></span> <span class='ocrx_word' id='word_1_58' title='bbox 770 1307 817 1382; x_wconf 89' lang='lat' dir='ltr'><strong>ad</strong></span> <span class='ocrx_word' id='word_1_59' title='bbox 833 1331 873 1384; x_wconf 82' lang='lat' dir='ltr'><strong>se</strong></span> <span class='ocrx_word' id='word_1_60' title='bbox 889 1307 1023 1377; x_wconf 86' lang='lat' dir='ltr'><strong>invita-</strong></span> 
     </span>
     <span class='ocr_line' id='line_1_12' title="bbox 67 1403 1033 1502; baseline 0.002 -28"><span class='ocrx_word' id='word_1_61' title='bbox 67 1405 131 1494; x_wconf 79' lang='lat' dir='ltr'><strong>vit,</strong></span> <span class='ocrx_word' id='word_1_62' title='bbox 157 1403 222 1496; x_wconf 94' lang='lat' dir='ltr'><strong>qui</strong></span> <span class='ocrx_word' id='word_1_63' title='bbox 239 1426 389 1496; x_wconf 84' lang='lat' dir='ltr'><strong>omnes,</strong></span> <span class='ocrx_word' id='word_1_64' title='bbox 416 1427 504 1476; x_wconf 89' lang='lat' dir='ltr'><strong>cum</strong></span> <span class='ocrx_word' id='word_1_65' title='bbox 518 1405 665 1478; x_wconf 84' lang='lat' dir='ltr'><strong>invitati</strong></span> <span class='ocrx_word' id='word_1_66' title='bbox 687 1407 734 1478; x_wconf 89' lang='lat' dir='ltr'><strong>ad</strong></span> <span class='ocrx_word' id='word_1_67' title='bbox 752 1429 1033 1502; x_wconf 67' lang='lat' dir='ltr'><strong>regemperve·¹</strong></span> 
     </span>
     <span class='ocr_line' id='line_1_13' title="bbox 67 1505 1023 1599; baseline -0.001 -23"><span class='ocrx_word' id='word_1_68' title='bbox 67 1505 218 1593; x_wconf 86' lang='lat' dir='ltr'><strong>nissent,</strong></span> <span class='ocrx_word' id='word_1_69' title='bbox 257 1506 303 1574; x_wconf 85' lang='lat' dir='ltr'><strong>ab</strong></span> <span class='ocrx_word' id='word_1_70' title='bbox 329 1528 373 1576; x_wconf 92' lang='lat' dir='ltr'><strong>eo</strong></span> <span class='ocrx_word' id='word_1_71' title='bbox 398 1527 544 1590; x_wconf 82' lang='lat' dir='ltr'><strong>summa</strong></span> <span class='ocrx_word' id='word_1_72' title='bbox 567 1507 744 1579; x_wconf 89' lang='lat' dir='ltr'><strong>comitate</strong></span> <span class='ocrx_word' id='word_1_73' title='bbox 772 1508 938 1599; x_wconf 84' lang='lat' dir='ltr'>excepti,</span> <span class='ocrx_word' id='word_1_74' title='bbox 983 1521 1023 1576; x_wconf 86' lang='lat' dir='ltr'><strong>et</strong></span> 
     </span>
     <span class='ocr_line' id='line_1_14' title="bbox 67 1605 1023 1702; baseline 0.002 -28"><span class='ocrx_word' id='word_1_75' title='bbox 67 1605 252 1696; x_wconf 84' lang='lat' dir='ltr'><strong>splendido</strong></span> <span class='ocrx_word' id='word_1_76' title='bbox 267 1606 436 1677; x_wconf 87' lang='lat' dir='ltr'><strong>convivio</strong></span> <span class='ocrx_word' id='word_1_77' title='bbox 455 1605 615 1678; x_wconf 76' lang='lat' dir='ltr'><strong>adhibiti</strong></span> <span class='ocrx_word' id='word_1_78' title='bbox 639 1623 747 1693; x_wconf 80' lang='lat' dir='ltr'><strong>sunt3</strong></span> <span class='ocrx_word' id='word_1_79' title='bbox 784 1608 918 1702; x_wconf 91' lang='lat' dir='ltr'><strong>quibus</strong></span> <span class='ocrx_word' id='word_1_80' title='bbox 944 1632 1023 1676; x_wconf 77' lang='lat' dir='ltr'><strong>me-</strong></span> 
     </span>
     <span class='ocr_line' id='line_1_15' title="bbox 67 1707 1022 1803; baseline 0.001 -27"><span class='ocrx_word' id='word_1_81' title='bbox 67 1729 145 1777; x_wconf 89' lang='lat' dir='ltr'><strong>rum</strong></span> <span class='ocrx_word' id='word_1_82' title='bbox 162 1720 266 1775; x_wconf 88' lang='lat' dir='ltr'><strong>tanto</strong></span> <span class='ocrx_word' id='word_1_83' title='bbox 291 1707 415 1778; x_wconf 87' lang='lat' dir='ltr'><strong>studio</strong></span> <span class='ocrx_word' id='word_1_84' title='bbox 436 1719 593 1801; x_wconf 80' lang='lat' dir='ltr'><strong>tamque</strong></span> <span class='ocrx_word' id='word_1_85' title='bbox 610 1709 786 1803; x_wconf 87' lang='lat' dir='ltr'><strong>ampliter</strong></span> <span class='ocrx_word' id='word_1_86' title='bbox 806 1708 1022 1800; x_wconf 86' lang='lat' dir='ltr'><strong>appositum</strong></span> 
     </span>
     <span class='ocr_line' id='line_1_16' title="bbox 70 1807 1021 1902; baseline 0.001 -26"><span class='ocrx_word' id='word_1_87' title='bbox 70 1821 135 1896; x_wconf 80' lang='lat' dir='ltr'><strong>est,</strong></span> <span class='ocrx_word' id='word_1_88' title='bbox 159 1823 202 1876; x_wconf 87' lang='lat' dir='ltr'><strong>ut</strong></span> <span class='ocrx_word' id='word_1_89' title='bbox 218 1807 342 1900; x_wconf 90' lang='lat' dir='ltr'><strong>prima</strong></span> <span class='ocrx_word' id='word_1_90' title='bbox 356 1829 511 1900; x_wconf 87' lang='lat' dir='ltr'><strong>vespera</strong></span> <span class='ocrx_word' id='word_1_91' title='bbox 528 1810 672 1900; x_wconf 90' lang='lat' dir='ltr'><strong>coloni,</strong></span> <span class='ocrx_word' id='word_1_92' title='bbox 700 1809 765 1902; x_wconf 92' lang='lat' dir='ltr'><strong>qui</strong></span> <span class='ocrx_word' id='word_1_93' title='bbox 778 1832 900 1901; x_wconf 89' lang='lat' dir='ltr'><strong>nuper</strong></span> <span class='ocrx_word' id='word_1_94' title='bbox 915 1810 1021 1879; x_wconf 89' lang='lat' dir='ltr'><strong>adve-</strong></span> 
     </span>
     <span class='ocr_line' id='line_1_17' title="bbox 69 1907 1020 2002; baseline -0.003 -24"><span class='ocrx_word' id='word_1_95' title='bbox 69 1921 206 1998; x_wconf 82' lang='lat' dir='ltr'>nerant,</span> <span class='ocrx_word' id='word_1_96' title='bbox 245 1909 342 1979; x_wconf 85' lang='lat' dir='ltr'><strong>bene</strong></span> <span class='ocrx_word' id='word_1_97' title='bbox 368 1907 450 1999; x_wconf 86' lang='lat' dir='ltr'><strong>poti</strong></span> <span class='ocrx_word' id='word_1_98' title='bbox 474 1923 608 1982; x_wconf 88' lang='lat' dir='ltr'><strong>essent.</strong></span> <span class='ocrx_word' id='word_1_99' title='bbox 672 1909 893 2002; x_wconf 86' lang='lat' dir='ltr'><strong>Insequenti</strong></span> <span class='ocrx_word' id='word_1_100' title='bbox 909 1922 1020 1980; x_wconf 91' lang='lat' dir='ltr'><strong>nocte</strong></span> 
     </span>
     <span class='ocr_line' id='line_1_18' title="bbox 68 2009 1020 2102; baseline 0.001 -26"><span class='ocrx_word' id='word_1_101' title='bbox 68 2013 185 2080; x_wconf 81' lang='lat' dir='ltr'><strong>omnes</strong></span> <span class='ocrx_word' id='word_1_102' title='bbox 199 2009 347 2100; x_wconf 88' lang='lat' dir='ltr'><strong>placido</strong></span> <span class='ocrx_word' id='word_1_103' title='bbox 365 2029 496 2079; x_wconf 88' lang='lat' dir='ltr'><strong>somno</strong></span> <span class='ocrx_word' id='word_1_104' title='bbox 510 2033 667 2102; x_wconf 86' lang='lat' dir='ltr'><strong>corpora</strong></span> <span class='ocrx_word' id='word_1_105' title='bbox 682 2014 872 2082; x_wconf 85' lang='lat' dir='ltr'><strong>curabant.</strong></span> <span class='ocrx_word' id='word_1_106' title='bbox 904 2015 1020 2084; x_wconf 90' lang='lat' dir='ltr'><strong>Mane</strong></span> 
     </span>
     <span class='ocr_line' id='line_1_19' title="bbox 68 2109 1022 2202; baseline 0 -26"><span class='ocrx_word' id='word_1_107' title='bbox 68 2131 142 2198; x_wconf 85' lang='lat' dir='ltr'><strong>rex,</strong></span> <span class='ocrx_word' id='word_1_108' title='bbox 178 2123 379 2202; x_wconf 80' lang='lat' dir='ltr'><strong>postquam</strong></span> <span class='ocrx_word' id='word_1_109' title='bbox 404 2124 525 2180; x_wconf 85' lang='lat' dir='ltr'><strong>vestes</strong></span> <span class='ocrx_word' id='word_1_110' title='bbox 546 2111 741 2201; x_wconf 83' lang='lat' dir='ltr'><strong>induerat,</strong></span> <span class='ocrx_word' id='word_1_111' title='bbox 779 2111 932 2180; x_wconf 89' lang='lat' dir='ltr'><strong>missam</strong></span> <span class='ocrx_word' id='word_1_112' title='bbox 950 2109 1022 2177; x_wconf 91' lang='lat' dir='ltr'><strong>sibi</strong></span> 
     </span>
     <span class='ocr_line' id='line_1_20' title="bbox 69 2209 1021 2302; baseline 0.003 -26"><span class='ocrx_word' id='word_1_113' title='bbox 69 2210 141 2278; x_wconf 89' lang='lat' dir='ltr'><strong>cani</strong></span> <span class='ocrx_word' id='word_1_114' title='bbox 161 2209 273 2295; x_wconf 77' lang='lat' dir='ltr'><strong>fecit5</strong></span> <span class='ocrx_word' id='word_1_115' title='bbox 312 2233 385 2301; x_wconf 90' lang='lat' dir='ltr'><strong>qua</strong></span> <span class='ocrx_word' id='word_1_116' title='bbox 408 2225 561 2302; x_wconf 84' lang='lat' dir='ltr'><strong>peracta</strong></span> <span class='ocrx_word' id='word_1_117' title='bbox 583 2212 805 2282; x_wconf 88' lang='lat' dir='ltr'><strong>concionem</strong></span> <span class='ocrx_word' id='word_1_118' title='bbox 825 2213 915 2280; x_wconf 89' lang='lat' dir='ltr'><strong>tuba</strong></span> <span class='ocrx_word' id='word_1_119' title='bbox 934 2233 1021 2279; x_wconf 90' lang='lat' dir='ltr'><strong>con·</strong></span> 
     </span>
     <span class='ocr_line' id='line_1_21' title="bbox 67 2309 1021 2402; baseline 0 -25"><span class='ocrx_word' id='word_1_120' title='bbox 67 2309 213 2399; x_wconf 80' lang='lat' dir='ltr'><strong>vocavit,</strong></span> <span class='ocrx_word' id='word_1_121' title='bbox 239 2311 398 2402; x_wconf 88' lang='lat' dir='ltr'><strong>ipseque</strong></span> <span class='ocrx_word' id='word_1_122' title='bbox 415 2334 458 2380; x_wconf 89' lang='lat' dir='ltr'><strong>eo</strong></span> <span class='ocrx_word' id='word_1_123' title='bbox 472 2334 560 2380; x_wconf 92' lang='lat' dir='ltr'><strong>cum</strong></span> <span class='ocrx_word' id='word_1_124' title='bbox 580 2309 655 2378; x_wconf 87' lang='lat' dir='ltr'><strong>suis</strong></span> <span class='ocrx_word' id='word_1_125' title='bbox 669 2333 708 2380; x_wconf 87' lang='lat' dir='ltr'><strong>se</strong></span> <span class='ocrx_word' id='word_1_126' title='bbox 723 2309 894 2382; x_wconf 83' lang='lat' dir='ltr'><strong>contulit.</strong></span> <span class='ocrx_word' id='word_1_127' title='bbox 925 2309 1021 2378; x_wconf 90' lang='lat' dir='ltr'><strong>Con-</strong></span> 
     </span>
     <span class='ocr_line' id='line_1_22' title="bbox 66 2411 1020 2504; baseline -0.001 -27"><span class='ocrx_word' id='word_1_128' title='bbox 66 2425 184 2480; x_wconf 80' lang='lat' dir='ltr'><strong>vocata</strong></span> <span class='ocrx_word' id='word_1_129' title='bbox 196 2434 285 2480; x_wconf 83' lang='lat' dir='ltr'><strong>vero</strong></span> <span class='ocrx_word' id='word_1_130' title='bbox 297 2411 476 2480; x_wconf 86' lang='lat' dir='ltr'><strong>concione</strong></span> <span class='ocrx_word' id='word_1_131' title='bbox 493 2412 788 2504; x_wconf 74' lang='lat' dir='ltr'><strong>constitutaque,</strong></span> <span class='ocrx_word' id='word_1_132' title='bbox 808 2435 874 2481; x_wconf 88' lang='lat' dir='ltr'><strong>rex</strong></span> <span class='ocrx_word' id='word_1_133' title='bbox 883 2412 1020 2480; x_wconf 82' lang='lat' dir='ltr'><strong>Olavus</strong></span> 
     </span>
     <span class='ocr_line' id='line_1_23' title="bbox 66 2511 1020 2605; baseline 0 -29"><span class='ocrx_word' id='word_1_134' title='bbox 66 2521 233 2605; x_wconf 80' lang='lat' dir='ltr'><strong>surgens,</strong></span> <span class='ocrx_word' id='word_1_135' title='bbox 277 2511 380 2580; x_wconf 89' lang='lat' dir='ltr'><strong>hunc</strong></span> <span class='ocrx_word' id='word_1_136' title='bbox 407 2511 449 2580; x_wconf 93' lang='lat' dir='ltr'><strong>in</strong></span> <span class='ocrx_word' id='word_1_137' title='bbox 475 2511 631 2582; x_wconf 89' lang='lat' dir='ltr'><strong>modum</strong></span> <span class='ocrx_word' id='word_1_138' title='bbox 657 2515 770 2583; x_wconf 86' lang='lat' dir='ltr'><strong>verba</strong></span> <span class='ocrx_word' id='word_1_139' title='bbox 794 2512 902 2581; x_wconf 87' lang='lat' dir='ltr'><strong>fecit:</strong></span> <span class='ocrx_word' id='word_1_140' title='bbox 943 2513 1020 2582; x_wconf 87' lang='lat' dir='ltr'><strong>Nos</strong></span> 
     </span>
     <span class='ocr_line' id='line_1_24' title="bbox 67 2610 1021 2702; baseline -0.002 -22"><span class='ocrx_word' id='word_1_141' title='bbox 67 2611 191 2680; x_wconf 82' lang='lat' dir='ltr'><strong>Frostae</strong></span> <span class='ocrx_word' id='word_1_142' title='bbox 209 2610 363 2681; x_wconf 91' lang='lat' dir='ltr'><strong>comitia</strong></span> <span class='ocrx_word' id='word_1_143' title='bbox 382 2611 601 2702; x_wconf 85' lang='lat' dir='ltr'><strong>habuimus,</strong></span> <span class='ocrx_word' id='word_1_144' title='bbox 628 2613 696 2682; x_wconf 89' lang='lat' dir='ltr'><strong>ubi</strong></span> <span class='ocrx_word' id='word_1_145' title='bbox 710 2615 862 2683; x_wconf 89' lang='lat' dir='ltr'><strong>colonos</strong></span> <span class='ocrx_word' id='word_1_146' title='bbox 878 2610 924 2681; x_wconf 88' lang='lat' dir='ltr'><strong>ad</strong></span> <span class='ocrx_word' id='word_1_147' title='bbox 932 2610 1021 2700; x_wconf 93' lang='lat' dir='ltr'><strong>bap-</strong></span> 
     </span>
     <span class='ocr_line' id='line_1_25' title="bbox 65 2711 1020 2802; baseline 0.003 -26"><span class='ocrx_word' id='word_1_148' title='bbox 65 2711 210 2782; x_wconf 83' lang='lat' dir='ltr'><strong>tismum</strong></span> <span class='ocrx_word' id='word_1_149' title='bbox 230 2711 511 2802; x_wconf 88' lang='lat' dir='ltr'><strong>suscipiendum</strong></span> <span class='ocrx_word' id='word_1_150' title='bbox 527 2713 700 2800; x_wconf 78' lang='lat' dir='ltr'><strong>invitavi3</strong></span> <span class='ocrx_word' id='word_1_151' title='bbox 713 2715 755 2786; x_wconf 91' lang='lat' dir='ltr'><strong>hi</strong></span> <span class='ocrx_word' id='word_1_152' title='bbox 771 2735 859 2786; x_wconf 79' lang='lat' dir='ltr'><strong>vero</strong></span> <span class='ocrx_word' id='word_1_153' title='bbox 878 2725 1020 2800; x_wconf 88' lang='lat' dir='ltr'><strong>contra,</strong></span> 
     </span>
     <span class='ocr_line' id='line_1_26' title="bbox 67 2811 1020 2910; baseline 0 -30"><span class='ocrx_word' id='word_1_154' title='bbox 67 2825 104 2880; x_wconf 86' lang='lat' dir='ltr'><strong>ut</strong></span> <span class='ocrx_word' id='word_1_155' title='bbox 126 2813 170 2884; x_wconf 91' lang='lat' dir='ltr'><strong>ad</strong></span> <span class='ocrx_word' id='word_1_156' title='bbox 194 2811 375 2882; x_wconf 86' lang='lat' dir='ltr'><strong>sacrificia</strong></span> <span class='ocrx_word' id='word_1_157' title='bbox 393 2833 482 2881; x_wconf 89' lang='lat' dir='ltr'><strong>cum</strong></span> <span class='ocrx_word' id='word_1_158' title='bbox 502 2813 548 2881; x_wconf 92' lang='lat' dir='ltr'><strong>iis</strong></span> <span class='ocrx_word' id='word_1_159' title='bbox 570 2829 819 2904; x_wconf 84' lang='lat' dir='ltr'><strong>reverterem,</strong></span> <span class='ocrx_word' id='word_1_160' title='bbox 855 2814 1020 2910; x_wconf 88' lang='lat' dir='ltr'><strong>postula-</strong></span> 
     </span>
     <span class='ocr_line' id='line_1_27' title="bbox 67 2913 1020 3003; baseline 0.001 -24"><span class='ocrx_word' id='word_1_161' title='bbox 67 2927 167 2999; x_wconf 86' lang='lat' dir='ltr'><strong>runt;</strong></span> <span class='ocrx_word' id='word_1_162' title='bbox 200 2914 255 2982; x_wconf 90' lang='lat' dir='ltr'><strong>ita</strong></span> <span class='ocrx_word' id='word_1_163' title='bbox 270 2913 371 2983; x_wconf 86' lang='lat' dir='ltr'><strong>inter</strong></span> <span class='ocrx_word' id='word_1_164' title='bbox 387 2934 456 2981; x_wconf 91' lang='lat' dir='ltr'><strong>nos</strong></span> <span class='ocrx_word' id='word_1_165' title='bbox 472 2915 664 3003; x_wconf 84' lang='lat' dir='ltr'><strong>convenit,</strong></span> <span class='ocrx_word' id='word_1_166' title='bbox 703 2927 747 2989; x_wconf 89' lang='lat' dir='ltr'><strong>ut</strong></span> <span class='ocrx_word' id='word_1_167' title='bbox 767 2915 913 2994; x_wconf 81' lang='lat' dir='ltr'><strong>Moeriae</strong></span> <span class='ocrx_word' id='word_1_168' title='bbox 933 2937 1020 2985; x_wconf 89' lang='lat' dir='ltr'><strong>con-</strong></span> 
     </span>
     <span class='ocr_line' id='line_1_28' title="bbox 67 3013 1021 3108; baseline 0.001 -28"><span class='ocrx_word' id='word_1_169' title='bbox 67 3013 244 3084; x_wconf 88' lang='lat' dir='ltr'><strong>venientes</strong></span> <span class='ocrx_word' id='word_1_170' title='bbox 270 3035 452 3108; x_wconf 82' lang='lat' dir='ltr'><strong>magnum</strong></span> <span class='ocrx_word' id='word_1_171' title='bbox 478 3013 532 3084; x_wconf 89' lang='lat' dir='ltr'><strong>ibi</strong></span> <span class='ocrx_word' id='word_1_172' title='bbox 551 3015 778 3088; x_wconf 84' lang='lat' dir='ltr'><strong>sacrificium</strong></span> <span class='ocrx_word' id='word_1_173' title='bbox 794 3016 1021 3088; x_wconf 83' lang='lat' dir='ltr'><strong>instaurare·</strong></span> 
     </span>
     <span class='ocr_line' id='line_1_29' title="bbox 66 3115 1065 3201; baseline -0.002 -19"><span class='ocrx_word' id='word_1_174' title='bbox 66 3134 149 3184; x_wconf 87' lang='lat' dir='ltr'><strong>mus.</strong></span> <span class='ocrx_word' id='word_1_175' title='bbox 224 3119 369 3188; x_wconf 89' lang='lat' dir='ltr'><strong>Notum</strong></span> <span class='ocrx_word' id='word_1_176' title='bbox 395 3137 483 3184; x_wconf 91' lang='lat' dir='ltr'><strong>vero</strong></span> <span class='ocrx_word' id='word_1_177' title='bbox 512 3129 569 3188; x_wconf 88' lang='lat' dir='ltr'><strong>est</strong></span> <span class='ocrx_word' id='word_1_178' title='bbox 589 3117 763 3189; x_wconf 89' lang='lat' dir='ltr'><strong>omnibus</strong></span> <span class='ocrx_word' id='word_1_179' title='bbox 788 3115 1019 3201; x_wconf 84' lang='lat' dir='ltr'><strong>hominibus,</strong></span> <span class='ocrx_word' id='word_1_180' title='bbox 1063 3123 1065 3128; x_wconf 80' lang='grc'><strong>“</strong></span> 
     </span>
     <span class='ocr_line' id='line_1_30' title="bbox 66 3213 1021 3304; baseline -0.001 -22"><span class='ocrx_word' id='word_1_181' title='bbox 66 3235 118 3284; x_wconf 88' lang='lat' dir='ltr'><strong>me</strong></span> <span class='ocrx_word' id='word_1_182' title='bbox 135 3215 264 3286; x_wconf 88' lang='lat' dir='ltr'><strong>multis</strong></span> <span class='ocrx_word' id='word_1_183' title='bbox 308 3215 549 3289; x_wconf 86' lang='lat' dir='ltr'><strong>contumeliis</strong></span> <span class='ocrx_word' id='word_1_184' title='bbox 588 3213 674 3288; x_wconf 86' lang='lat' dir='ltr'><strong>deos</strong></span> <span class='ocrx_word' id='word_1_185' title='bbox 716 3217 902 3304; x_wconf 87' lang='lat' dir='ltr'><strong>affecisse,</strong></span> <span class='ocrx_word' id='word_1_186' title='bbox 961 3236 1021 3281; x_wconf 91' lang='lat' dir='ltr'><strong>eo-</strong></span> 
     </span>
     <span class='ocr_line' id='line_1_31' title="bbox 66 3313 1021 3408; baseline 0 -28"><span class='ocrx_word' id='word_1_187' title='bbox 66 3335 140 3385; x_wconf 89' lang='lat' dir='ltr'><strong>rum</strong></span> <span class='ocrx_word' id='word_1_188' title='bbox 163 3313 341 3408; x_wconf 86' lang='lat' dir='ltr'><strong>potestati</strong></span> <span class='ocrx_word' id='word_1_189' title='bbox 381 3315 607 3403; x_wconf 80' lang='lat' dir='ltr'><strong>detraxisse,</strong></span> <span class='ocrx_word' id='word_1_190' title='bbox 645 3315 773 3388; x_wconf 82' lang='lat' dir='ltr'><strong>fractis</strong></span> <span class='ocrx_word' id='word_1_191' title='bbox 809 3339 943 3386; x_wconf 88' lang='lat' dir='ltr'><strong>eorum</strong></span> <span class='ocrx_word' id='word_1_192' title='bbox 975 3315 1021 3381; x_wconf 92' lang='lat' dir='ltr'><strong>si-</strong></span> 
     </span>
     <span class='ocr_line' id='line_1_32' title="bbox 65 3416 1022 3508; baseline 0.002 -25"><span class='ocrx_word' id='word_1_193' title='bbox 65 3418 247 3508; x_wconf 60' lang='lat' dir='ltr'><strong>mulacris,</strong></span> <span class='ocrx_word' id='word_1_194' title='bbox 294 3416 389 3490; x_wconf 80' lang='lat' dir='ltr'><strong>fanis</strong></span> <span class='ocrx_word' id='word_1_195' title='bbox 413 3429 452 3484; x_wconf 90' lang='lat' dir='ltr'><strong>et</strong></span> <span class='ocrx_word' id='word_1_196' title='bbox 476 3417 623 3486; x_wconf 86' lang='lat' dir='ltr'><strong>sacellis</strong></span> <span class='ocrx_word' id='word_1_197' title='bbox 640 3418 907 3506; x_wconf 79' lang='lat' dir='ltr'><strong>concrematis,</strong></span> <span class='ocrx_word' id='word_1_198' title='bbox 943 3439 1022 3485; x_wconf 91' lang='lat' dir='ltr'><strong>om-</strong></span> 
     </span>
     <span class='ocr_line' id='line_1_33' title="bbox 65 3515 1022 3614; baseline 0.001 -32"><span class='ocrx_word' id='word_1_199' title='bbox 65 3515 204 3588; x_wconf 89' lang='lat' dir='ltr'><strong>nimodo</strong></span> <span class='ocrx_word' id='word_1_200' title='bbox 229 3541 361 3588; x_wconf 90' lang='lat' dir='ltr'><strong>eorum</strong></span> <span class='ocrx_word' id='word_1_201' title='bbox 379 3517 526 3586; x_wconf 89' lang='lat' dir='ltr'><strong>cultum</strong></span> <span class='ocrx_word' id='word_1_202' title='bbox 549 3517 782 3608; x_wconf 85' lang='lat' dir='ltr'><strong>exstirpasse.</strong></span> <span class='ocrx_word' id='word_1_203' title='bbox 835 3517 1022 3614; x_wconf 87' lang='lat' dir='ltr'><strong>Quamob-</strong></span> 
     </span>
     <span class='ocr_line' id='line_1_34' title="bbox 65 3617 1049 3717; baseline -0.003 -31"><span class='ocrx_word' id='word_1_204' title='bbox 65 3635 159 3712; x_wconf 80' lang='lat' dir='ltr'><strong>rem²</strong></span> <span class='ocrx_word' id='word_1_205' title='bbox 198 3619 245 3692; x_wconf 90' lang='lat' dir='ltr'><strong>ad</strong></span> <span class='ocrx_word' id='word_1_206' title='bbox 268 3639 330 3691; x_wconf 90' lang='lat' dir='ltr'><strong>eos</strong></span> <span class='ocrx_word' id='word_1_207' title='bbox 360 3617 675 3715; x_wconf 74' lang='lat' dir='ltr'><strong>reconciliandos,</strong></span> <span class='ocrx_word' id='word_1_208' title='bbox 713 3639 852 3717; x_wconf 82' lang='lat' dir='ltr'><strong>magno</strong></span> <span class='ocrx_word' id='word_1_209' title='bbox 870 3617 1021 3710; x_wconf 90' lang='lat' dir='ltr'><strong>piaculo</strong></span> <span class='ocrx_word' id='word_1_210' title='bbox 1046 3651 1049 3666; x_wconf 81' lang='lat'><em>-</em></span> 
     </span>
    </p>
   </div>
   <div class='ocr_carea' id='block_1_5' title="bbox 62 3769 313 3794">
    <p class='ocr_par' dir='ltr' id='par_1_5' title="bbox 62 3769 313 3794">
     <span class='ocr_line' id='line_1_35' title="bbox 62 3769 313 3794; baseline -0.004 0"><span class='ocrx_word' id='word_1_211' title='bbox 62 3769 313 3794; x_wconf 59' lang='grc' dir='ltr'>..Ι--μ-ι-</span> 
     </span>
    </p>
   </div>
   <div class='ocr_carea' id='block_1_6' title="bbox 126 3847 1023 4014">
    <p class='ocr_par' dir='ltr' id='par_1_6' title="bbox 126 3847 1023 4014">
     <span class='ocr_line' id='line_1_36' title="bbox 126 3847 1023 3924; baseline -0.008 -20"><span class='ocrx_word' id='word_1_212' title='bbox 126 3870 190 3922; x_wconf 80' lang='lat' dir='ltr'><strong>gera</strong></span> <span class='ocrx_word' id='word_1_213' title='bbox 206 3873 253 3904; x_wconf 78' lang='lat' dir='ltr'><strong>eno</strong></span> <span class='ocrx_word' id='word_1_214' title='bbox 265 3851 472 3924; x_wconf 76' lang='lat' dir='ltr'><strong>Bjarieyarritt,</strong></span> <span class='ocrx_word' id='word_1_215' title='bbox 486 3851 532 3903; x_wconf 88' lang='lat' dir='ltr'><strong>ubi</strong></span> <span class='ocrx_word' id='word_1_216' title='bbox 548 3870 581 3906; x_wconf 83' lang='lat' dir='ltr'><strong>ex</strong></span> <span class='ocrx_word' id='word_1_217' title='bbox 593 3871 651 3906; x_wconf 85' lang='lat' dir='ltr'><strong>mea</strong></span> <span class='ocrx_word' id='word_1_218' title='bbox 668 3853 793 3922; x_wconf 86' lang='lat' dir='ltr'><strong>opinione</strong></span> <span class='ocrx_word' id='word_1_219' title='bbox 815 3847 1023 3904; x_wconf 84' lang='lat' dir='ltr'><strong>subaudiendum</strong></span> 
     </span>
     <span class='ocr_line' id='line_1_37' title="bbox 128 3937 1021 4014; baseline -0.027 -2"><span class='ocrx_word' id='word_1_220' title='bbox 128 3955 164 3995; x_wconf 67' lang='lat'><strong>⁶⁸²</strong></span> <span class='ocrx_word' id='word_1_221' title='bbox 178 3947 260 4008; x_wconf 53' lang='lat' dir='ltr'><strong>&#39;istas</strong></span> <span class='ocrx_word' id='word_1_222' title='bbox 281 3963 326 4014; x_wconf 77' lang='lat'><em>(11¹-</em></span> <span class='ocrx_word' id='word_1_223' title='bbox 340 3943 368 3996; x_wconf 72' lang='lat' dir='ltr'><strong>tl·</strong></span> <span class='ocrx_word' id='word_1_224' title='bbox 391 3944 492 3996; x_wconf 87' lang='lat' dir='ltr'><strong>nullum</strong></span> <span class='ocrx_word' id='word_1_225' title='bbox 505 3945 546 4009; x_wconf 87' lang='lat' dir='ltr'><strong>jus</strong></span> <span class='ocrx_word' id='word_1_226' title='bbox 558 3946 748 3996; x_wconf 81' lang='lat' dir='ltr'><strong>mercatoriam.</strong></span> <span class='ocrx_word' id='word_1_227' title='bbox 790 3939 817 4008; x_wconf 79' lang='lat'><strong>²)</strong></span> <span class='ocrx_word' id='word_1_228' title='bbox 833 3939 934 3994; x_wconf 58' lang='lat' dir='ltr'><strong>narbon</strong></span> <span class='ocrx_word' id='word_1_229' title='bbox 947 3941 978 3990; x_wconf 86' lang='lat' dir='ltr'><strong>F.</strong></span> <span class='ocrx_word' id='word_1_230' title='bbox 993 3937 1021 3989; x_wconf 84' lang='lat' dir='ltr'><strong>S.</strong></span> 
     </span>
    </p>
   </div>
   <div class='ocr_carea' id='block_1_7' title="bbox 126 4027 1022 4199">
    <p class='ocr_par' dir='ltr' id='par_1_7' title="bbox 126 4027 1022 4199">
     <span class='ocr_line' id='line_1_38' title="bbox 129 4027 1022 4107; baseline -0.007 -21"><span class='ocrx_word' id='word_1_231' title='bbox 129 4033 173 4087; x_wconf 82' lang='lat' dir='ltr'><strong>sk.</strong></span> <span class='ocrx_word' id='word_1_232' title='bbox 190 4033 319 4106; x_wconf 61' lang='lat' dir='ltr'><strong>niibyrbi</strong></span> <span class='ocrx_word' id='word_1_233' title='bbox 328 4034 436 4090; x_wconf 65' lang='lat' dir='ltr'><strong>Norbro</strong></span> <span class='ocrx_word' id='word_1_234' title='bbox 449 4055 497 4107; x_wconf 85' lang='lat' dir='ltr'><strong>pro</strong></span> <span class='ocrx_word' id='word_1_235' title='bbox 515 4033 581 4105; x_wconf 58' lang='lat' dir='ltr'><strong>hyr&amp;</strong></span> <span class='ocrx_word' id='word_1_236' title='bbox 581 4038 592 4086; x_wconf 88' lang='lat' dir='ltr'><strong>i</strong></span> <span class='ocrx_word' id='word_1_237' title='bbox 609 4031 706 4086; x_wconf 62' lang='lat' dir='ltr'><strong>norom</strong></span> <span class='ocrx_word' id='word_1_238' title='bbox 718 4031 812 4104; x_wconf 64' lang='lat' dir='ltr'><strong>niija,</strong></span> <span class='ocrx_word' id='word_1_239' title='bbox 832 4049 897 4082; x_wconf 87' lang='lat' dir='ltr'><strong>onus</strong></span> <span class='ocrx_word' id='word_1_240' title='bbox 908 4027 1022 4081; x_wconf 86' lang='lat' dir='ltr'><strong>filiorum</strong></span> 
     </span>
     <span class='ocr_line' id='line_1_39' title="bbox 126 4123 894 4199; baseline -0.009 -19"><span class='ocrx_word' id='word_1_241' title='bbox 126 4126 247 4193; x_wconf 73' lang='lat' dir='ltr'><strong>librarii,</strong></span> <span class='ocrx_word' id='word_1_242' title='bbox 264 4128 316 4180; x_wconf 84' lang='lat' dir='ltr'><strong>i.e.</strong></span> <span class='ocrx_word' id='word_1_243' title='bbox 332 4127 427 4183; x_wconf 77' lang='lat' dir='ltr'><strong>eoelum</strong></span> <span class='ocrx_word' id='word_1_244' title='bbox 440 4126 652 4199; x_wconf 77' lang='lat' dir='ltr'><strong>septentrionale,</strong></span> <span class='ocrx_word' id='word_1_245' title='bbox 673 4123 769 4177; x_wconf 79' lang='lat' dir='ltr'><strong>Skalda</strong></span> <span class='ocrx_word' id='word_1_246' title='bbox 787 4123 807 4191; x_wconf 69' lang='lat' dir='ltr'><strong>i.</strong></span> <span class='ocrx_word' id='word_1_247' title='bbox 824 4124 867 4174; x_wconf 77' lang='lat'><strong>23.</strong></span> <span class='ocrx_word' id='word_1_248' title='bbox 891 4156 894 4163; x_wconf 89' lang='lat'>-</span> 
     </span>
    </p>
   </div>
   <div class='ocr_carea' id='block_1_8' title="bbox 0 0 1280 4772">
    <p class='ocr_par' dir='ltr' id='par_1_8' title="bbox 0 0 1280 4772">
     <span class='ocr_line' id='line_1_40' title="bbox 0 0 1280 4772; baseline 0 1"><span class='ocrx_word' id='word_1_249' title='bbox 0 0 1280 4772; x_wconf 95' lang='lat' dir='ltr'><strong> </strong></span> 
     </span>
    </p>
   </div>
  </div>
 </body>
</html>
