2550 4772
61 287 151 355 loo.
240 305 242 312 ⁴
403 279 672 340 Ξ
894 255 960 352 45·

63 493 150 594 quod
162 512 249 565 vero
273 487 457 586 Skegg'ius
471 483 693 556 interfectus
711 479 807 578 erat,
834 503 1020 558 nemoru-

63 603 151 670 sticae
174 593 349 664 factionis
373 587 496 680 copias
512 588 650 658 ducere
672 602 710 657 et
727 588 831 682 sigua
847 590 1020 658 adversus

62 722 176 793 regem
191 697 352 764 Olavum
368 689 537 759 conferre
558 689 745 758 sustinuit.
799 693 880 783 Qua
891 713 931 757 re
944 689 1019 760 fac·

62 819 133 870 tum
148 811 219 885 est,
265 789 311 862 ut
333 789 462 860 omnes
488 789 571 880 regi
595 809 674 859 sese
701 789 880 859 dederent
910 803 948 858 et
973 790 1020 862 ad

65 899 217 971 officium
232 893 412 964 redirent.
464 895 566 962 Tum
579 911 645 958 rex
660 910 808 981 omneS,
836 903 1021 980 quotquot

65 999 222 1072 nondum
243 995 395 1064 fuerant
411 990 609 1081 baptizati,¹
623 1013 727 1060 sacro
741 990 846 1059 fonte
859 992 1020 1060 lustran-

67 1097 295 1184 dosourarit,
319 1108 358 1162 et
385 1091 543 1179 obsideo,
568 1089 610 1158 in
627 1085 765 1186 pig'nus
783 1092 1019 1160 observandae

67 1197 265 1292 religionis,
277 1251 281 1262 .
292 1220 313 1264 a
326 1193 475 1263 rusticis
492 1191 648 1282 accepit.
701 1193 1023 1263 Deinderexsuos·

68 1325 143 1372 cum
165 1295 376 1366 christianis
399 1291 612 1360 doctoribus
635 1314 703 1383 per
725 1315 855 1362 omnes
877 1293 1022 1366 Trand-

68 1398 173 1469 beimi
181 1393 390 1488 provincias
405 1391 730 1484 dimisit3tumque
740 1393 1029 1466 omnesTranda

69 1499 320 1569 heimiincolae
337 1489 516 1584 baptizati
540 1505 646 1581 sunt,
671 1493 822 1563 nemine
844 1493 1023 1585 religioni

69 1601 260 1670 resistente.
307 1597 387 1666 Rex
403 1594 540 1662 Olatus
556 1613 643 1660 cum
655 1593 770 1684 copiis
787 1594 1024 1664 Nidarosiam
1092 1647 1095 1654 .

69 1699 168 1769 rediit
180 1696 309 1788 ibique
328 1693 506 1763 consedit.
542 1691 675 1762 Coloni
690 1716 778 1762 vero
795 1694 907 1764 funus
922 1700 1025 1765 Jam-

72 1799 202 1892 skeggii
216 1798 258 1866 in
270 1796 379 1882 Yrjas
392 1794 701 1882 deportarunt,.et
714 1795 756 1864 in
770 1796 1026 1888 Skeggjalrau-

72 1921 111 1993 go
133 1900 297 1992 (tumulo
321 1894 492 1988 Skeggii)
509 1893 556 1964 ab
572 1893 748 1965 orientali
769 1909 876 1987 parte
892 1897 1028 1966 huma·
1098 1974 1102 1985 ‚

70 2013 200 2070 verimt.

158 2163 383 2241 Divertitcm
404 2164 517 2240 olavi
535 2167 636 2262 regia
654 2179 692 2240 et
710 2155 927 2240 Gudrunoe.

161 2303 326 2392 Capltt.
354 2303 434 2370 Rex
445 2301 1029 2391 Olavuslocotemporequecoa-

73 2403 154 2474 undi
176 2399 365 2488 condicto,
386 2393 568 2494 cognatos
589 2401 823 2500 Jarnskeggii
842 2401 1028 2488 convenit,

74 2507 183 2594 iisque
191 2503 351 2571 multam
361 2497 434 2592 ‘pro
444 2501 545 2570 caede
562 2503 643 2589 ejus
654 2503 803 2590 obtulit,
813 2500 945 2569 multis
963 2523 1029 2568 no-

73 2605 199 2673 bilibus
215 2602 303 2671 viris
313 2601 422 2669 caedis
434 2623 584 2670 causam
601 2603 796 2696 agentibus
812 2600 1031 2670 satisfactio-

73 2701 1031 2798 nemquepostulantibus.laruskeggiounaeratfilia,

74 2804 216 2872 nomine
234 2793 427 2872 Gudruna.
461 2800 634 2874 Tandem
649 2799 769 2872 foedus
780 2803 880 2872 inter
901 2822 1033 2895 regem

76 2905 287 2974 Oliv'uni'et
306 2909 491 2994 *cognatos*
506 2901 744 2997 Jarnakeggii
766 2927 818 2972 -ea
841 2905 927 2996 lege
955 2899 1032 2970 fac-

75 3017 155 3074 tum·
166 3017 238 3091 est,
276 3016 321 3070 ut
340 3023 409 3070 rex
436 3003 573 3072 Olavus
607 2997 833 3075 Gudrunam
864 3003 1029 3072 duceret.

78 3105 166 3172 Cum
185 3125 273 3172 vero
295 3115 448 3194 tempus
471 3102 693 3193 nuptiarum
717 3103 854 3192 adfuit,
893 3095 974 3170 rex*
995 3116 1038 3171 et·

78 3193 306 3275 Gudruna'in
331 3202 496 3276 eundem
515 3205 661 3272 lectum
686 3200 879 3288 coi'erunt3
910 3201 1035 3294 prima

76 3316 332 3391 autemnocte,
350 3323 423 3394 qua
435 3325 510 3372 una
524 3303 820 3392 concubuerunt,
836 3304 1034 3392 'Gudruna,

76 3425 200 3498 regem
209 3425 339 3472 somno
351 3423 571 3494 oppressum
579 3417 732 3495 putans,
747 3407 912 3474 cultrum
926 3403 1041 3471 strin-

77 3505 128 3572 xit
144 3504 252 3594 eique
272 3502 459 3572 intentare
482 3504 670 3597 cogitavit.
728 3503 839 3600 Quod
857 3527 941 3598 rer,
970 3503 1038 3594 qui

78 3604 261 3698 vigilaret,
292 3604 612 3694 animadvertam,
646 3605 815 3675 cultrum
836 3606 880 3675 ab
900 3627 943 3673 ea
965 3603 1040 3672 eri-

78 3705 173 3795 puit,
195 3707 295 3773 lecto
309 3704 487 3791 surrexit,
512 3705 559 3773 ad
571 3727 657 3776 suos
673 3705 783 3796 exiit,
818 3719 856 3774 et
872 3703 965 3795 quid
981 3703 1043 3773 rei

81 3818 185 3892 esset,
214 3805 385 3875 ostendit.
439 3804 620 3874 Gudruna
635 3817 784 3896 quoque
799 3820 918 3876 vestes
936 3827 1040 3874 suma

80 3905 140 3992 sit,
164 3919 201 3972 et
216 3927 303 3974 cum
317 3901 492 3974 omnibus
502 3906 611 3995 viris,
636 3907 701 3996 qui
718 3931 802 3978 eam
813 3906 905 3977 illuc
922 3907 1038 3974 comi-

78 4005 323 4097 tati-inerant,
349 4005 478 4098 statim
497 4007 611 4097 abiit,¹
636 4030 707 4092 nec
727 4027 894 4101 unquam
907 4019 1038 4100 postea
