2550 4772
313 269 374 366 12
593 285 864 326 ··········
1097 283 1168 352 154·
1189 289 1222 353 c.

249 498 430 594 angebat,
468 494 703 585 hioq'uoq'ue
725 493 992 585 pacificationis
1016 499 1225 573 intereunt

254 616 294 672 et
313 599 464 680 Grisem
488 595 720 664 conditiones
752 596 1030 688 pronuntiavit,
1069 615 1113 670 ut
1137 603 1223 672 Gris

251 699 399 794 argenti
420 696 615 767 dimidium
645 697 853 787 centum1)
878 697 1080 790 penderet,
1119 705 1225 775 Halb

249 799 378 874 fridus
393 815 551 889 peregre
570 795 880 887 proficisceretur.
933 797 1011 876 Hie·
1024 804 1225 890 pecuniam

248 901 422 991 accipere
441 896 584 984 noluit,
616 908 840 986 patremque
854 911 893 968 et
917 899 1078 972 Olavum
1098 903 1151 973 ita
1174 903 1224 972 al·

248 1005 401 1074 ‚locutus
425 1010 504 1066 est:
536 995 644 1070 video
672 997 786 1066 vestri
806 997 928 1070 inme
954 1001 1091 1072 amoris
1113 1003 1224 1071 docu-

247 1114 396 1184 menta,
423 1120 538 1188 quare
555 1095 896 1168 verosimillimum
915 1097 1023 1188 duco,
1048 1102 1121 1172 hoc
1139 1103 1224 1172 hac.-

249 1217 360 1274 tenus
375 1199 418 1270 in
432 1211 556 1268 vestra
564 1209 749 1288 potestate
769 1218 862 1284 esse,
888 1219 976 1268 oum
992 1213 1075 1272 tam
1089 1202 1225 1292 cupide

249 1299 469 1386 elaboretis,
518 1310 563 1388 ut
582 1317 740 1390 peregre
773 1297 1007 1387 proficiscen
1049 1303 1225 1394 praesagit

249 1418 380 1476 autem
395 1398 491 1469 mihi
504 1397 673 1484 animno,
709 1395 871 1468 diutinas
887 1397 990 1471 inter
1005 1423 1067 1470 me
1084 1417 1124 1470 et
1138 1402 1224 1474 Gri-

250 1527 334 1578 sem
349 1500 556 1570 simultates
571 1495 679 1566 fore.
695 1497 836 1572 Eadem
857 1510 983 1568 aestate
993 1503 1068 1573 Hal
1069 1501 1222 1589 lfrbdus,

249 1604 299 1678 ad
316 1622 451 1674 navem
474 1598 645 1689 inportu
659 1597 855 1672 Hvitaensi
871 1597 1083 1691 proiectus,
1117 1624 1223 1693 pere·

249 1725 319 1798 gre
343 1700 445 1774 abiit.

248 1871 327 1948 Res
355 1870 529 1940 Ottarem
555 1877 592 1938 et
615 1867 920 1940 Vatnsdalenses
936 1867 1223 1941 intercedentes.

248 2035 251 2040 ·
345 2005 419 2078 154.
471 2004 525 2072 Eo
547 2011 720 2092 tempore
744 1999 978 2075 Tborsteinn
1003 1996 1223 2097 lugimundi

247 2102 348 2174 filius
372 2099 496 2174 Hofi
486 2123 527 2170 m
543 2101 744 2172 Vatusdalo
759 2099 961 2190 habitarit,
999 2103 1056 2172 vir
1077 2125 1223 2217 magnae
1266 2135 1267 2150 ¹

247 2199 500 2290 auctoritatis,
537 2201 720 2290 prudens,
768 2201 973 2293 benignus,
1018 2203 1223 2294 amicisque

247 2305 384 2374 valens.
450 2301 564 2371 Filios
595 2301 729 2370 habuit
752 2300 944 2413 Ingolfum
966 2307 1014 2370 et¹
1029 2303 1224 2374 Gudbran·

247 2405 351 2476 dum.
398 2399 584 2492 Ingolfus
606 2400 778 2470 omnium
798 2399 907 2471 iniis
932 2402 1113 2472 tractibus
1144 2417 1224 2474 erat

246 2501 564 2584 formosissimum
591 2500 637 2568 de
635 2523 725 2591 quo
748 2499 801 2568 sic
819 2506 930 2590 poete
948 2502 1121 2592 quidam:

352 2602 521 2672 omnes
540 2601 695 2670 voluere
721 2599 886 2693 virgines

378 2723 468 2770 oum
481 2700 658 2793 Ingolfo
647 2721 807 2793 jungere
825 2701 994 2791 nuptias,

359 2867 362 2874 .
379 2823 462 2893 que
481 2801 635 2892 quidem
650 2800 738 2870 adul
724 2803 786 2870 ltae
803 2799 977 2885 fueruut3

378 2901 526 2984 misella
542 2899 613 2972 sibi
626 2900 711 2972 *visa
729 2915 785 2970 est
801 2925 959 2992 quaeque
983 2901 1162 2974 tenerior.

378 3001 440 3072 sic
462 3014 501 3068 et
517 3021 587 3093 ego
605 3001 736 3090 cupio,
760 3001 814 3070 ait
831 3004 977 3088 vetula,

250 3153 256 3160 .
378 3121 468 3170 oum
484 3099 632 3194 Ingolfo
647 3102 805 3194 jungere
822 3102 990 3192 nuptias,
1054 3135 1057 3142 ·

250 3253 257 3260 .
378 3199 473 3270 dum
487 3201 585 3273 mihi
602 3201 677 3270 duo
702 3201 909 3274 haerebunt.

380 3301 511 3370 dentes
533 3302 575 3370 iu
588 3300 782 3390 superiore
804 3302 946 3391 palato.
1115 3369 1119 3375 .

247 3396 419 3492 Ingolfus
449 3399 737 3492 Grimstungam
773 3400 905 3490 itavit,
956 3413 1223 3490 sermonesque

247 3521 339 3576 cum
366 3497 551 3591 Valgerda
574 3501 714 3570 Otteris
739 3500 834 3588 filia,
874 3523 1001 3570 sorore
1024 3499 1224 3587 Hallfrbdi,

245 3599 389 3668 habuit.
454 3602 537 3693 Qua
567 3598 612 3670 de
637 3623 678 3668 re
701 3621 792 3670 cum
809 3603 917 3671 Ottar
949 3597 1141 3692 Iugolium
1163 3600 1225 3668 ad-

245 3712 437 3785 moueret,
480 3713 519 3768 et
533 3713 703 3792 rogaret,
740 3715 785 3770 ut
807 3701 962 3772 domum
983 3701 1224 3788 frequentare

246 3800 471 3886 abstineret,
505 3799 571 3868 ille
587 3801 820 3892 petulantius
836 3801 1047 3893 respondit,
1075 3799 1223 3868 dicens:

248 3899 495 3974 Vamsdalum
511 3899 555 3968 ab
573 3900 842 3972 habitatoribus
854 3903 914 3978 ‚ita
930 3921 1223 3990 essecompora-

250 4127 276 4194 ¹)
289 4117 391 4181 ὸιιοιωι
403 4135 496 4199 vrgao
507 4131 633 4184 aeratos.
