2550 4772
34 313 195 395 iocoso.
365 321 632 386 Q
857 308 915 404 35

33 535 185 632 cupatnr'n
205 524 265 602 iri.
304 526 309 534 ’
345 521 460 605 Nullo
481 519 569 604 vero
586 517 697 606 modo
714 517 793 606 haec
812 549 891 628 res,
929 555 974 612 ut

32 641 161 727 confiat,
199 633 281 727 regi
310 635 424 704 Olavo
449 635 553 704 cordi
576 638 694 730 magis
720 660 820 728 esse,
860 659 974 732 quant

32 739 128 828 mihi,
169 738 315 827 potesta
353 753 477 826 neque
521 738 722 806 constantis
752 739 870 810 animi
903 760 972 832 est,
1051 825 1054 836 ι

32 864 96 908 rem
128 857 389 950 quamcunque
417 836 496 904 sine
526 838 637 906 modo
668 843 974 930 &temperantia

34 937 286 1028 concupiscere.
358 936 574 1030 Quomodo,
603 934 744 1028 quaeso',
772 935 868 1009 Bolli
888 957 973 1036 cog*

31 1054 82 1108 nat
70 1039 115 1106 et!
143 1036 213 1104 tibi
226 1037 306 1104 haec
322 1037 417 1104 ratio
443 1037 594 1126 placet?
645 1041 738 1108 Boll'
729 1063 806 1156 tus,
831 1063 874 1110 re
888 1065 974 1133 pro-

31 1141 80 1207 bat
68 1155 113 1226 to,
136 1136 226 1228 quid
245 1137 353 1222 ambo
376 1149 585 1205 statuerent
593 1129 811 1226 ,Kjartanis
832 1142 973 1227 judicio

30 1238 174 1328 reliquit.
238 1239 339 1324 Rex,
370 1248 556 1324 utantea,
581 1189 652 1306 lioc
669 1240 729 1308 die
753 1243 976 1313 subornare

31 1353 90 1426 rat,
112 1337 174 1428 qui
194 1357 407 1405 sermonem
424 1337 660 1407 Islandorum
677 1353 887 1430 captarent,
920 1345 976 1436 ip-

30 1441 118 1529 sique
131 1439 212 1506 haec
229 1435 373 1526 omnia,
401 1450 602 1530 antequam
619 1439 769 1508 exiisset
790 1441 888 1534 dies,
919 1469 976 1516 re

30 1542 91 1610 lata
106 1551 200 1608 sunt

118 1635 291 1768 Iijarlon
313 1666 342 1742 lt
365 1664 475 1744 Boll‘
429 1667 521 1744 llius
546 1664 646 1769 regis
669 1667 883 1780 ministerio

368 1799 407 1844 se
432 1773 631 1844 addicunt

115 1889 201 1990 Cap
220 1895 292 1968 164
346 1895 516 1966 Secunda
531 1897 624 1966 feria
640 1885 780 1966 Iolensi
797 1911 875 1988 rex,
891 1917 980 1974 cum

26 2012 97 2067 vest
84 1997 178 2066 tibus
193 2019 232 2066 se
248 1991 443 2110 induisset,
470 1996 584 2066 misso
601 1998 747 2086 nuntio,
764 1999 981 2085 Kjartanem

28 2095 117 2168 adse
134 2089 297 2181 vocavit3
324 2096 390 2188 qui
421 2096 565 2190 aliquot
592 2097 683 2164 viris
700 2099 900 2168 comitatus
917 2104 979 2171 ad

26 2197 100 2268 fuit
133 2189 367 2268 Salutantem
378 2211 444 2264 retr
459 2197 618 2264 comiter
609 2198 802 2291 excepit,
829 2214 877 2289 et,
892 2225 981 2273 cum

26 2319 135 2388 pauca
153 2289 332 2367 collocuti
350 2309 491 2384 essent,
524 2285 650 2386 jussit,
686 2312 730 2366 ut
753 2301 979 2370 sacrofonte

26 2389 169 2468 lustrari
193 2421 233 2466 se
252 2385 402 2466 sineret.
465 2396 535 2464 Cui
556 2387 725 2511 KJartaq·
755 2399 832 2485 jam
845 2387 884 2467 id
903 2397 982 2471 non

26 2521 190 2588 renuam,
217 2497 385 2586 domine,
414 2493 445 2565 s'i
461 2501 567 2566 tuam
587 2491 751 2566 vicissim
775 2498 981 2571 amicitiant

24 2600 172 2691 adeptus
189 2615 264 2667 erc.
318 2595 397 2667 Rex
413 2597 486 2666 hoc
496 2619 535 2664 se
551 2599 647 2665 velle
665 2597 838 2686 ostendit,
863 2611 983 2674 totam
1029 2603 1041 2620 ⁸

24 2722 126 2768 suam
138 2713 397 2768 amlcitramm
420 2717 509 2811 enm
525 2691 705 2766 conferre
758 2698 859 2770 Mihi
879 2717 980 2792 vero,

22 2791 159 2890 inquit,
199 2788 292 2890 quid
318 2809 362 2866 tn
388 2792 554 2888 sociique
582 2787 666 2865 heri
688 2793 866 2866 collocuti
887 2797 995 2890 sitis,

21 2899 235 2990 plenissime
258 2899 421 2966 relatum
441 2910 515 2982 est,
540 2912 679 2987 tuque,
703 2898 872 2987 Kjartan,
896 2921 983 2989 pro
996 2927 1000 2932 ·

20 3000 209 3087 verbiurn,
251 2998 351 3088 quod
366 2999 472 3068 nobis
492 2997 703 3066 christianis
733 3011 808 3086 est,
849 3015 983 3072 verum

24 3121 101 3169 esse
120 3098 388 3188 comprobasti:
416 3097 530 3165 festos
548 3098 625 3166 dies
640 3097 774 3188 optimi
791 3119 869 3166 esse
890 3101 984 3168 omi-

19 3199 90 3268 nis.
171 3203 255 3270 Hoc
279 3212 390 3286 pacto
420 3197 675 3289 interregem
708 3213 746 3264 et
766 3198 984 3282 Kjartanem

22 3297 262 3386 confirmato,
297 3299 451 3383 Kjartan
471 3312 509 3365 et
532 3298 673 3366 Bollius
699 3315 904 3388 omnesque
914 3317 985 3369 'eo-

17 3422 106 3468 rum
126 3412 366 3467 convectores
393 3397 571 3487 baptizati
601 3411 707 3481 sunt3
751 3419 818 3464 rex
850 3399 988 3471 Olavus

18 3500 238 3584 Kjartanem
255 3497 468 3566 etBolliurn
479 3496 647 3565 convitio
657 3501 677 3566 J
678 3495 797 3567 olensi
816 3498 988 3570 adhibuit

16 3600 146 3690 iisque
174 3615 215 3667 se
242 3596 405 3687 praebuit
441 3597 722 3666 amicissimum.
812 3591 989 3692 Plerique

18 3700 147 3787 ajunt,
186 3697 404 3784 Kjat'tanem
429 3705 467 3764 et
484 3690 659 3796 Bellium
682 3695 723 3765 in
747 3713 904 3769 munera
926 3727 989 3772 au⁴
1076 3687 1081 3710 '

16 3799 96 3867 lica
111 3800 302 3868 adsumtos
320 3810 419 3885 esse,
447 3795 595 3888 quodie
613 3798 712 3865 albas
722 3797 989 3888 deposuissent.

199 3929 439 4024 Haltjredos
459 3939 579 4024 poeta
604 3930 840 4026 baptizatus.

125 4045 215 4144 Cap.
242 4056 314 4123 1652
380 4047 478 4143 Regi
507 4045 623 4118 'Olaro
655 4045 715 4118 die
747 4046 909 4224 qcuqdam
925 4069 993 4147 per
1058 4123 1060 4130 .
