<?xml version="1.0" encoding="UTF-8"?>
<!DOCTYPE html PUBLIC "-//W3C//DTD XHTML 1.0 Transitional//EN"
    "http://www.w3.org/TR/xhtml1/DTD/xhtml1-transitional.dtd">
<html xmlns="http://www.w3.org/1999/xhtml" xml:lang="en" lang="en">
 <head>
  <title>
</title>
<meta http-equiv="Content-Type" content="text/html;charset=utf-8" />
  <meta name='ocr-system' content='tesseract 3.04.00' />
  <meta name='ocr-capabilities' content='ocr_page ocr_carea ocr_par ocr_line ocrx_word'/>
</head>
<body>
  <div class='ocr_page' id='page_1' title='image "./scriptahistoric00unkngoog_0308.png"; bbox 0 0 2528 4770; ppageno 0'>
   <div class='ocr_carea' id='block_1_1' title="bbox 415 256 964 351">
    <p class='ocr_par' dir='ltr' id='par_1_1' title="bbox 406 256 964 351">
     <span class='ocr_line' id='line_1_1' title="bbox 415 256 964 351; baseline 0.004 -1.968"><span class='ocrx_word' id='word_1_1' title='bbox 415 279 680 320; x_wconf 58' lang='lat' dir='ltr'>m</span> <span class='ocrx_word' id='word_1_2' title='bbox 875 256 964 351; x_wconf 75' lang='lat'>295</span> 
     </span>
    </p>
   </div>
   <div class='ocr_carea' id='block_1_2' title="bbox 416 317 680 338">
    <p class='ocr_par' dir='ltr' id='par_1_2' title="bbox 416 317 680 338">
     <span class='ocr_line' id='line_1_2' title="bbox 416 317 680 338; baseline -0.004 0"><span class='ocrx_word' id='word_1_3' title='bbox 416 317 680 338; x_wconf 64' lang='lat' dir='ltr'>——a-u—-n-——d</span> 
     </span>
    </p>
   </div>
   <div class='ocr_carea' id='block_1_3' title="bbox 121 484 960 593">
    <p class='ocr_par' dir='ltr' id='par_1_3' title="bbox 121 484 960 593">
     <span class='ocr_line' id='line_1_3' title="bbox 121 484 960 593; baseline 0 -35"><span class='ocrx_word' id='word_1_4' title='bbox 121 490 328 559; x_wconf 79' lang='lat' dir='ltr'>Instructae</span> <span class='ocrx_word' id='word_1_5' title='bbox 353 486 455 554; x_wconf 81' lang='lat' dir='ltr'>acies</span> <span class='ocrx_word' id='word_1_6' title='bbox 478 484 684 555; x_wconf 76' lang='lat' dir='ltr'>Danorum</span> <span class='ocrx_word' id='word_1_7' title='bbox 709 497 745 554; x_wconf 76' lang='lat' dir='ltr'>et</span> <span class='ocrx_word' id='word_1_8' title='bbox 771 487 960 593; x_wconf 67' lang='lat' dir='ltr'>Suionum.</span> 
     </span>
    </p>
   </div>
   <div class='ocr_carea' id='block_1_4' title="bbox 46 601 1082 2016">
    <p class='ocr_par' dir='ltr' id='par_1_4' title="bbox 46 601 1082 2016">
     <span class='ocr_line' id='line_1_4' title="bbox 157 601 1021 714; baseline 0.006 -26"><span class='ocrx_word' id='word_1_9' title='bbox 157 621 243 712; x_wconf 90' lang='lat' dir='ltr'>Cap.</span> <span class='ocrx_word' id='word_1_10' title='bbox 258 629 329 694; x_wconf 84' lang='lat'><strong>250.</strong></span> <span class='ocrx_word' id='word_1_11' title='bbox 381 621 461 691; x_wconf 85' lang='lat' dir='ltr'>Rex</span> <span class='ocrx_word' id='word_1_12' title='bbox 478 619 617 688; x_wconf 86' lang='lat' dir='ltr'>Olavus</span> <span class='ocrx_word' id='word_1_13' title='bbox 631 617 678 686; x_wconf 87' lang='lat' dir='ltr'>in</span> <span class='ocrx_word' id='word_1_14' title='bbox 688 620 785 689; x_wconf 86' lang='lat' dir='ltr'>celsa</span> <span class='ocrx_word' id='word_1_15' title='bbox 804 601 923 714; x_wconf 79' lang='lat' dir='ltr'>puppi</span> <span class='ocrx_word' id='word_1_16' title='bbox 939 625 1021 693; x_wconf 83' lang='lat' dir='ltr'>Ser·</span> 
     </span>
     <span class='ocr_line' id='line_1_5' title="bbox 51 717 1021 810; baseline 0.005 -22"><span class='ocrx_word' id='word_1_17' title='bbox 51 719 178 810; x_wconf 90' lang='lat' dir='ltr'>pentis</span> <span class='ocrx_word' id='word_1_18' title='bbox 196 722 317 808; x_wconf 85' lang='lat' dir='ltr'>stetit,</span> <span class='ocrx_word' id='word_1_19' title='bbox 343 733 380 789; x_wconf 86' lang='lat' dir='ltr'>et</span> <span class='ocrx_word' id='word_1_20' title='bbox 402 741 514 810; x_wconf 88' lang='lat' dir='ltr'>super</span> <span class='ocrx_word' id='word_1_21' title='bbox 534 717 625 786; x_wconf 87' lang='lat' dir='ltr'>alios</span> <span class='ocrx_word' id='word_1_22' title='bbox 643 720 848 789; x_wconf 86' lang='lat' dir='ltr'>eminebat:</span> <span class='ocrx_word' id='word_1_23' title='bbox 876 723 1021 793; x_wconf 84' lang='lat' dir='ltr'>inaura·</span> 
     </span>
     <span class='ocr_line' id='line_1_6' title="bbox 51 821 1020 916; baseline 0.004 -28"><span class='ocrx_word' id='word_1_24' title='bbox 51 837 137 890; x_wconf 89' lang='lat' dir='ltr'>tum</span> <span class='ocrx_word' id='word_1_25' title='bbox 164 821 321 914; x_wconf 81' lang='lat' dir='ltr'>gestavit</span> <span class='ocrx_word' id='word_1_26' title='bbox 353 823 549 916; x_wconf 73' lang='lat' dir='ltr'>clypeam,</span> <span class='ocrx_word' id='word_1_27' title='bbox 589 821 808 912; x_wconf 85' lang='lat' dir='ltr'>galeamque</span> <span class='ocrx_word' id='word_1_28' title='bbox 835 847 925 892; x_wconf 88' lang='lat' dir='ltr'>auro</span> <span class='ocrx_word' id='word_1_29' title='bbox 947 826 1020 892; x_wconf 88' lang='lat' dir='ltr'>illi-</span> 
     </span>
     <span class='ocr_line' id='line_1_7' title="bbox 51 919 1020 1012; baseline 0.008 -26"><span class='ocrx_word' id='word_1_30' title='bbox 51 934 150 1009; x_wconf 85' lang='lat' dir='ltr'>tam,</span> <span class='ocrx_word' id='word_1_31' title='bbox 176 943 289 1011; x_wconf 89' lang='lat' dir='ltr'>supra</span> <span class='ocrx_word' id='word_1_32' title='bbox 303 919 394 989; x_wconf 88' lang='lat' dir='ltr'>alios</span> <span class='ocrx_word' id='word_1_33' title='bbox 416 941 546 988; x_wconf 89' lang='lat' dir='ltr'>omnes</span> <span class='ocrx_word' id='word_1_34' title='bbox 563 921 677 1012; x_wconf 83' lang='lat' dir='ltr'>longe</span> <span class='ocrx_word' id='word_1_35' title='bbox 692 921 932 1012; x_wconf 82' lang='lat' dir='ltr'>conspicuus,</span> <span class='ocrx_word' id='word_1_36' title='bbox 953 949 1020 994; x_wconf 35' lang='lat' dir='ltr'>vru-</span> 
     </span>
     <span class='ocr_line' id='line_1_8' title="bbox 50 1020 1082 1112; baseline 0.007 -25"><span class='ocrx_word' id='word_1_37' title='bbox 50 1021 161 1088; x_wconf 88' lang='lat' dir='ltr'>bram</span> <span class='ocrx_word' id='word_1_38' title='bbox 176 1021 345 1091; x_wconf 88' lang='lat' dir='ltr'>tunicam</span> <span class='ocrx_word' id='word_1_39' title='bbox 359 1023 513 1090; x_wconf 89' lang='lat' dir='ltr'>brevem</span> <span class='ocrx_word' id='word_1_40' title='bbox 532 1020 801 1112; x_wconf 85' lang='lat' dir='ltr'>bombycinam</span> <span class='ocrx_word' id='word_1_41' title='bbox 815 1025 940 1093; x_wconf 88' lang='lat' dir='ltr'>loricae</span> <span class='ocrx_word' id='word_1_42' title='bbox 961 1048 1020 1094; x_wconf 88' lang='lat' dir='ltr'>su·</span> <span class='ocrx_word' id='word_1_43' title='bbox 1080 1027 1082 1030; x_wconf 77' lang='grc'><strong>’</strong></span> 
     </span>
     <span class='ocr_line' id='line_1_9' title="bbox 50 1117 1081 1214; baseline 0.008 -26"><span class='ocrx_word' id='word_1_44' title='bbox 50 1121 306 1210; x_wconf 87' lang='lat' dir='ltr'>perinduerat.</span> <span class='ocrx_word' id='word_1_45' title='bbox 374 1121 616 1211; x_wconf 80' lang='lat' dir='ltr'>Conspicatus</span> <span class='ocrx_word' id='word_1_46' title='bbox 640 1117 767 1190; x_wconf 86' lang='lat' dir='ltr'>autem</span> <span class='ocrx_word' id='word_1_47' title='bbox 789 1145 855 1191; x_wconf 87' lang='lat' dir='ltr'>rex</span> <span class='ocrx_word' id='word_1_48' title='bbox 882 1127 1021 1214; x_wconf 75' lang='lat' dir='ltr'>Olavus</span> <span class='ocrx_word' id='word_1_49' title='bbox 1078 1154 1081 1161; x_wconf 92' lang='lat'>·</span> 
     </span>
     <span class='ocr_line' id='line_1_10' title="bbox 51 1219 1019 1312; baseline 0.007 -24"><span class='ocrx_word' id='word_1_50' title='bbox 51 1219 176 1310; x_wconf 88' lang='lat' dir='ltr'>copias</span> <span class='ocrx_word' id='word_1_51' title='bbox 199 1221 496 1291; x_wconf 84' lang='lat' dir='ltr'>adversariorum</span> <span class='ocrx_word' id='word_1_52' title='bbox 517 1221 557 1288; x_wconf 91' lang='lat' dir='ltr'>in</span> <span class='ocrx_word' id='word_1_53' title='bbox 574 1221 783 1310; x_wconf 89' lang='lat' dir='ltr'>manipulos</span> <span class='ocrx_word' id='word_1_54' title='bbox 799 1223 934 1312; x_wconf 83' lang='lat' dir='ltr'>dividi‚·</span> <span class='ocrx_word' id='word_1_55' title='bbox 953 1227 1019 1294; x_wconf 93' lang='lat' dir='ltr'>ho-</span> 
     </span>
     <span class='ocr_line' id='line_1_11' title="bbox 49 1320 1020 1412; baseline 0.009 -26"><span class='ocrx_word' id='word_1_56' title='bbox 49 1343 214 1412; x_wconf 86' lang='lat' dir='ltr'>rumque</span> <span class='ocrx_word' id='word_1_57' title='bbox 232 1321 466 1412; x_wconf 82' lang='lat' dir='ltr'>principibus</span> <span class='ocrx_word' id='word_1_58' title='bbox 483 1320 619 1388; x_wconf 85' lang='lat' dir='ltr'>vexilla</span> <span class='ocrx_word' id='word_1_59' title='bbox 639 1321 827 1412; x_wconf 79' lang='lat' dir='ltr'>praeferri,</span> <span class='ocrx_word' id='word_1_60' title='bbox 853 1347 939 1394; x_wconf 90' lang='lat' dir='ltr'>suos</span> <span class='ocrx_word' id='word_1_61' title='bbox 962 1327 1020 1396; x_wconf 87' lang='lat' dir='ltr'>iu·</span> 
     </span>
     <span class='ocr_line' id='line_1_12' title="bbox 50 1421 1018 1516; baseline 0.008 -30"><span class='ocrx_word' id='word_1_62' title='bbox 50 1421 273 1514; x_wconf 84' lang='lat' dir='ltr'>terrogavit:</span> <span class='ocrx_word' id='word_1_63' title='bbox 316 1424 398 1512; x_wconf 90' lang='lat' dir='ltr'>quis</span> <span class='ocrx_word' id='word_1_64' title='bbox 423 1422 496 1489; x_wconf 81' lang='lat' dir='ltr'>dux</span> <span class='ocrx_word' id='word_1_65' title='bbox 521 1433 579 1489; x_wconf 86' lang='lat' dir='ltr'>est</span> <span class='ocrx_word' id='word_1_66' title='bbox 607 1421 800 1510; x_wconf 88' lang='lat' dir='ltr'>copiarum</span> <span class='ocrx_word' id='word_1_67' title='bbox 823 1425 1018 1516; x_wconf 83' lang='lat' dir='ltr'>eregione</span> 
     </span>
     <span class='ocr_line' id='line_1_13' title="bbox 49 1521 1018 1613; baseline 0.009 -27"><span class='ocrx_word' id='word_1_68' title='bbox 49 1521 362 1590; x_wconf 83' lang='lat' dir='ltr'>constitutarum?</span> <span class='ocrx_word' id='word_1_69' title='bbox 411 1521 756 1613; x_wconf 81' lang='lat' dir='ltr'>Respondentibus,</span> <span class='ocrx_word' id='word_1_70' title='bbox 770 1523 943 1594; x_wconf 88' lang='lat' dir='ltr'>Sveinem</span> <span class='ocrx_word' id='word_1_71' title='bbox 960 1549 1018 1595; x_wconf 86' lang='lat' dir='ltr'>re·</span> 
     </span>
     <span class='ocr_line' id='line_1_14' title="bbox 50 1623 1018 1712; baseline 0.009 -26"><span class='ocrx_word' id='word_1_72' title='bbox 50 1641 138 1711; x_wconf 84' lang='lat' dir='ltr'>gem</span> <span class='ocrx_word' id='word_1_73' title='bbox 164 1641 242 1691; x_wconf 88' lang='lat' dir='ltr'>esse</span> <span class='ocrx_word' id='word_1_74' title='bbox 264 1645 353 1692; x_wconf 91' lang='lat' dir='ltr'>cum</span> <span class='ocrx_word' id='word_1_75' title='bbox 370 1625 566 1693; x_wconf 86' lang='lat' dir='ltr'>Danorum</span> <span class='ocrx_word' id='word_1_76' title='bbox 588 1624 775 1692; x_wconf 79' lang='lat' dir='ltr'>exercitu:</span> <span class='ocrx_word' id='word_1_77' title='bbox 808 1623 928 1712; x_wconf 84' lang='lat' dir='ltr'>haud⁷</span> <span class='ocrx_word' id='word_1_78' title='bbox 960 1627 1018 1695; x_wconf 77' lang='lat' dir='ltr'>in·-</span> 
     </span>
     <span class='ocr_line' id='line_1_15' title="bbox 50 1719 1017 1813; baseline 0.009 -27"><span class='ocrx_word' id='word_1_79' title='bbox 50 1719 149 1810; x_wconf 82' lang='lat' dir='ltr'>quit‚</span> <span class='ocrx_word' id='word_1_80' title='bbox 195 1723 328 1790; x_wconf 91' lang='lat' dir='ltr'>molles</span> <span class='ocrx_word' id='word_1_81' title='bbox 354 1735 467 1813; x_wconf 86' lang='lat' dir='ltr'>atque</span> <span class='ocrx_word' id='word_1_82' title='bbox 487 1722 659 1791; x_wconf 85' lang='lat' dir='ltr'>imbelles</span> <span class='ocrx_word' id='word_1_83' title='bbox 681 1722 767 1791; x_wconf 86' lang='lat' dir='ltr'>illos</span> <span class='ocrx_word' id='word_1_84' title='bbox 791 1725 1017 1812; x_wconf 75' lang='lat' dir='ltr'>metu&#39;imus5</span> 
     </span>
     <span class='ocr_line' id='line_1_16' title="bbox 48 1819 1017 1916; baseline 0.006 -28"><span class='ocrx_word' id='word_1_85' title='bbox 48 1843 127 1888; x_wconf 89' lang='lat' dir='ltr'>non</span> <span class='ocrx_word' id='word_1_86' title='bbox 143 1821 245 1890; x_wconf 89' lang='lat' dir='ltr'>enim</span> <span class='ocrx_word' id='word_1_87' title='bbox 260 1819 377 1892; x_wconf 89' lang='lat' dir='ltr'>Danis</span> <span class='ocrx_word' id='word_1_88' title='bbox 394 1823 512 1916; x_wconf 81' lang='lat' dir='ltr'>magis</span> <span class='ocrx_word' id='word_1_89' title='bbox 524 1821 670 1891; x_wconf 88' lang='lat' dir='ltr'>animus</span> <span class='ocrx_word' id='word_1_90' title='bbox 685 1821 802 1910; x_wconf 84' lang='lat' dir='ltr'>inest,</span> <span class='ocrx_word' id='word_1_91' title='bbox 829 1847 943 1914; x_wconf 90' lang='lat' dir='ltr'>quam</span> <span class='ocrx_word' id='word_1_92' title='bbox 957 1849 1017 1894; x_wconf 90' lang='lat' dir='ltr'>ca-</span> 
     </span>
     <span class='ocr_line' id='line_1_17' title="bbox 46 1921 1017 2016; baseline 0.008 -30"><span class='ocrx_word' id='word_1_93' title='bbox 46 1921 125 2010; x_wconf 89' lang='lat' dir='ltr'>pris</span> <span class='ocrx_word' id='word_1_94' title='bbox 145 1921 405 2016; x_wconf 77' lang='lat' dir='ltr'>sylvestribus3</span> <span class='ocrx_word' id='word_1_95' title='bbox 431 1937 627 2012; x_wconf 86' lang='lat' dir='ltr'>nunquam</span> <span class='ocrx_word' id='word_1_96' title='bbox 640 1923 740 1995; x_wconf 87' lang='lat' dir='ltr'>Dani</span> <span class='ocrx_word' id='word_1_97' title='bbox 761 1924 957 1994; x_wconf 79' lang='lat' dir='ltr'>victoriam</span> <span class='ocrx_word' id='word_1_98' title='bbox 971 1929 1017 1994; x_wconf 82' lang='lat' dir='ltr'>ab</span> 
     </span>
    </p>
   </div>
   <div class='ocr_carea' id='block_1_5' title="bbox 47 2001 1154 2116">
    <p class='ocr_par' dir='ltr' id='par_1_5' title="bbox 47 2001 1154 2116">
     <span class='ocr_line' id='line_1_18' title="bbox 47 2001 1154 2116; baseline 0.002 -23"><span class='ocrx_word' id='word_1_99' title='bbox 47 2022 232 2116; x_wconf 83' lang='lat' dir='ltr'>Norvegis</span> <span class='ocrx_word' id='word_1_100' title='bbox 259 2023 493 2109; x_wconf 79' lang='lat' dir='ltr'>retulerunt,</span> <span class='ocrx_word' id='word_1_101' title='bbox 530 2043 654 2112; x_wconf 89' lang='lat' dir='ltr'>neque</span> <span class='ocrx_word' id='word_1_102' title='bbox 678 2021 843 2104; x_wconf 75' lang='lat' dir='ltr'>referent</span> <span class='ocrx_word' id='word_1_103' title='bbox 868 2049 889 2094; x_wconf 92' lang='lat' dir='ltr'>a</span> <span class='ocrx_word' id='word_1_104' title='bbox 910 2027 1018 2094; x_wconf 88' lang='lat' dir='ltr'>nobis</span> <span class='ocrx_word' id='word_1_105' title='bbox 1092 2039 1098 2048; x_wconf 85' lang='lat'>&#39;</span> <span class='ocrx_word' id='word_1_106' title='bbox 1149 2001 1154 2010; x_wconf 33' lang='grc' dir='ltr'>Ι</span> 
     </span>
    </p>
   </div>
   <div class='ocr_carea' id='block_1_6' title="bbox 46 2117 1058 2217">
    <p class='ocr_par' dir='ltr' id='par_1_6' title="bbox 46 2117 1058 2217">
     <span class='ocr_line' id='line_1_19' title="bbox 46 2117 1058 2217; baseline 0.003 -27"><span class='ocrx_word' id='word_1_107' title='bbox 46 2117 171 2190; x_wconf 88' lang='lat' dir='ltr'>hodie.</span> <span class='ocrx_word' id='word_1_108' title='bbox 246 2121 339 2217; x_wconf 86' lang='lat' dir='ltr'>Quis</span> <span class='ocrx_word' id='word_1_109' title='bbox 358 2143 448 2192; x_wconf 83' lang='lat' dir='ltr'>vero</span> <span class='ocrx_word' id='word_1_110' title='bbox 475 2121 551 2192; x_wconf 85' lang='lat' dir='ltr'>dux</span> <span class='ocrx_word' id='word_1_111' title='bbox 575 2122 682 2215; x_wconf 81' lang='lat' dir='ltr'>signa</span> <span class='ocrx_word' id='word_1_112' title='bbox 705 2125 893 2214; x_wconf 86' lang='lat' dir='ltr'>sequitur,</span> <span class='ocrx_word' id='word_1_113' title='bbox 934 2148 1017 2215; x_wconf 80' lang='lat' dir='ltr'>quae</span> <span class='ocrx_word' id='word_1_114' title='bbox 1053 2199 1058 2208; x_wconf 29' lang='lat'><strong>¹</strong></span> 
     </span>
    </p>
   </div>
   <div class='ocr_carea' id='block_1_7' title="bbox 47 2215 1133 2314">
    <p class='ocr_par' dir='ltr' id='par_1_7' title="bbox 47 2215 1133 2314">
     <span class='ocr_line' id='line_1_20' title="bbox 47 2215 1133 2314; baseline 0.005 -26"><span class='ocrx_word' id='word_1_115' title='bbox 47 2222 222 2314; x_wconf 86' lang='lat' dir='ltr'>deinceps</span> <span class='ocrx_word' id='word_1_116' title='bbox 240 2246 262 2290; x_wconf 87' lang='lat' dir='ltr'>a</span> <span class='ocrx_word' id='word_1_117' title='bbox 286 2220 415 2292; x_wconf 80' lang='lat' dir='ltr'>dextra</span> <span class='ocrx_word' id='word_1_118' title='bbox 434 2221 545 2291; x_wconf 84' lang='lat' dir='ltr'>sunt?</span> <span class='ocrx_word' id='word_1_119' title='bbox 596 2223 832 2312; x_wconf 78' lang='lat' dir='ltr'>Responsum</span> <span class='ocrx_word' id='word_1_120' title='bbox 855 2238 930 2312; x_wconf 86' lang='lat' dir='ltr'>est,</span> <span class='ocrx_word' id='word_1_121' title='bbox 964 2224 1019 2292; x_wconf 89' lang='lat' dir='ltr'>ibi</span> <span class='ocrx_word' id='word_1_122' title='bbox 1128 2215 1133 2232; x_wconf 89' lang='grc'><em>’</em></span> 
     </span>
    </p>
   </div>
   <div class='ocr_carea' id='block_1_8' title="bbox 9 2321 1038 3818">
    <p class='ocr_par' dir='ltr' id='par_1_8' title="bbox 9 2321 1038 3818">
     <span class='ocr_line' id='line_1_21' title="bbox 44 2321 1017 2414; baseline 0.003 -24"><span class='ocrx_word' id='word_1_123' title='bbox 44 2342 176 2414; x_wconf 79' lang='lat' dir='ltr'>regem</span> <span class='ocrx_word' id='word_1_124' title='bbox 184 2343 263 2390; x_wconf 90' lang='lat' dir='ltr'>esse</span> <span class='ocrx_word' id='word_1_125' title='bbox 274 2323 432 2392; x_wconf 86' lang='lat' dir='ltr'>Olavum</span> <span class='ocrx_word' id='word_1_126' title='bbox 443 2321 943 2393; x_wconf 87' lang='lat' dir='ltr'>SvetbicumcumSvionum</span> <span class='ocrx_word' id='word_1_127' title='bbox 958 2346 1017 2393; x_wconf 89' lang='lat' dir='ltr'>co·</span> 
     </span>
     <span class='ocr_line' id='line_1_22' title="bbox 45 2421 1016 2512; baseline 0.005 -24"><span class='ocrx_word' id='word_1_128' title='bbox 45 2421 131 2512; x_wconf 86' lang='lat' dir='ltr'>piis.</span> <span class='ocrx_word' id='word_1_129' title='bbox 164 2423 259 2495; x_wconf 84' lang='lat' dir='ltr'>Rex:</span> <span class='ocrx_word' id='word_1_130' title='bbox 276 2421 423 2492; x_wconf 82' lang='lat' dir='ltr'>facilius</span> <span class='ocrx_word' id='word_1_131' title='bbox 439 2436 478 2492; x_wconf 85' lang='lat' dir='ltr'>et</span> <span class='ocrx_word' id='word_1_132' title='bbox 491 2421 691 2509; x_wconf 89' lang='lat' dir='ltr'>jucundius</span> <span class='ocrx_word' id='word_1_133' title='bbox 704 2423 903 2492; x_wconf 86' lang='lat' dir='ltr'>Svionibus</span> <span class='ocrx_word' id='word_1_134' title='bbox 916 2423 1016 2493; x_wconf 85' lang='lat' dir='ltr'>vide·</span> 
     </span>
     <span class='ocr_line' id='line_1_23' title="bbox 44 2522 1018 2616; baseline 0.002 -26"><span class='ocrx_word' id='word_1_135' title='bbox 44 2523 166 2609; x_wconf 82' lang='lat' dir='ltr'>bitur,</span> <span class='ocrx_word' id='word_1_136' title='bbox 192 2522 461 2613; x_wconf 12' lang='lat' dir='ltr'>domktsederm</span> <span class='ocrx_word' id='word_1_137' title='bbox 487 2536 710 2616; x_wconf 80' lang='lat' dir='ltr'>paterasque</span> <span class='ocrx_word' id='word_1_138' title='bbox 725 2523 866 2592; x_wconf 85' lang='lat' dir='ltr'>cruoris</span> <span class='ocrx_word' id='word_1_139' title='bbox 880 2524 1018 2600; x_wconf 83' lang='lat' dir='ltr'>sacrifi-</span> 
     </span>
     <span class='ocr_line' id='line_1_24' title="bbox 46 2624 1016 2718; baseline 0.001 -26"><span class='ocrx_word' id='word_1_140' title='bbox 46 2625 134 2692; x_wconf 89' lang='lat' dir='ltr'>calis</span> <span class='ocrx_word' id='word_1_141' title='bbox 152 2624 336 2711; x_wconf 81' lang='lat' dir='ltr'>lambere,</span> <span class='ocrx_word' id='word_1_142' title='bbox 363 2647 477 2713; x_wconf 89' lang='lat' dir='ltr'>quam</span> <span class='ocrx_word' id='word_1_143' title='bbox 490 2635 613 2691; x_wconf 85' lang='lat' dir='ltr'>vestra</span> <span class='ocrx_word' id='word_1_144' title='bbox 629 2625 670 2693; x_wconf 92' lang='lat' dir='ltr'>in</span> <span class='ocrx_word' id='word_1_145' title='bbox 686 2625 865 2714; x_wconf 87' lang='lat' dir='ltr'>Serpente</span> <span class='ocrx_word' id='word_1_146' title='bbox 884 2625 1016 2718; x_wconf 80' lang='lat' dir='ltr'>Longo</span> 
     </span>
     <span class='ocr_line' id='line_1_25' title="bbox 44 2721 1016 2815; baseline 0.005 -25"><span class='ocrx_word' id='word_1_147' title='bbox 44 2725 120 2790; x_wconf 88' lang='lat' dir='ltr'>tela</span> <span class='ocrx_word' id='word_1_148' title='bbox 133 2721 245 2792; x_wconf 89' lang='lat' dir='ltr'>hodie</span> <span class='ocrx_word' id='word_1_149' title='bbox 260 2723 403 2807; x_wconf 80' lang='lat' dir='ltr'>subire3</span> <span class='ocrx_word' id='word_1_150' title='bbox 431 2743 546 2815; x_wconf 89' lang='lat' dir='ltr'>quare</span> <span class='ocrx_word' id='word_1_151' title='bbox 564 2743 695 2814; x_wconf 82' lang='lat' dir='ltr'>spero,</span> <span class='ocrx_word' id='word_1_152' title='bbox 720 2742 906 2814; x_wconf 85' lang='lat' dir='ltr'>nonopns</span> <span class='ocrx_word' id='word_1_153' title='bbox 925 2745 1016 2815; x_wconf 84' lang='lat' dir='ltr'>esse,</span> 
     </span>
     <span class='ocr_line' id='line_1_26' title="bbox 44 2823 1018 2918; baseline 0.003 -27"><span class='ocrx_word' id='word_1_154' title='bbox 44 2835 87 2892; x_wconf 88' lang='lat' dir='ltr'>ut</span> <span class='ocrx_word' id='word_1_155' title='bbox 109 2823 261 2892; x_wconf 87' lang='lat' dir='ltr'>Sviones</span> <span class='ocrx_word' id='word_1_156' title='bbox 280 2839 491 2892; x_wconf 84' lang='lat' dir='ltr'>metuamus</span> <span class='ocrx_word' id='word_1_157' title='bbox 512 2824 785 2915; x_wconf 84' lang='lat' dir='ltr'>hippophagos.</span> <span class='ocrx_word' id='word_1_158' title='bbox 847 2828 1018 2918; x_wconf 85' lang='lat' dir='ltr'>Quorum</span> 
     </span>
     <span class='ocr_line' id='line_1_27' title="bbox 44 2923 1016 3016; baseline 0.003 -25"><span class='ocrx_word' id='word_1_159' title='bbox 44 2945 133 3014; x_wconf 81' lang='lat' dir='ltr'>vero</span> <span class='ocrx_word' id='word_1_160' title='bbox 148 2933 236 2992; x_wconf 87' lang='lat' dir='ltr'>sunt</span> <span class='ocrx_word' id='word_1_161' title='bbox 250 2923 421 3016; x_wconf 79' lang='lat' dir='ltr'>ingentes</span> <span class='ocrx_word' id='word_1_162' title='bbox 436 2923 515 2992; x_wconf 88' lang='lat' dir='ltr'>istae</span> <span class='ocrx_word' id='word_1_163' title='bbox 523 2943 654 3010; x_wconf 76' lang='lat' dir='ltr'>naveS,</span> <span class='ocrx_word' id='word_1_164' title='bbox 669 2945 751 3014; x_wconf 88' lang='lat' dir='ltr'>quae</span> <span class='ocrx_word' id='word_1_165' title='bbox 768 2924 812 2993; x_wconf 95' lang='lat' dir='ltr'>ab</span> <span class='ocrx_word' id='word_1_166' title='bbox 829 2923 1016 2994; x_wconf 79' lang='lat' dir='ltr'>exteriore</span> 
     </span>
     <span class='ocr_line' id='line_1_28' title="bbox 43 3022 1038 3118; baseline 0.001 -24"><span class='ocrx_word' id='word_1_167' title='bbox 43 3027 163 3094; x_wconf 88' lang='lat' dir='ltr'>latere</span> <span class='ocrx_word' id='word_1_168' title='bbox 180 3025 374 3093; x_wconf 90' lang='lat' dir='ltr'>Danorum</span> <span class='ocrx_word' id='word_1_169' title='bbox 391 3038 477 3093; x_wconf 88' lang='lat' dir='ltr'>sunt</span> <span class='ocrx_word' id='word_1_170' title='bbox 494 3022 732 3092; x_wconf 82' lang='lat' dir='ltr'>constitutae?</span> <span class='ocrx_word' id='word_1_171' title='bbox 782 3023 840 3092; x_wconf 91' lang='lat' dir='ltr'>Ibi</span> <span class='ocrx_word' id='word_1_172' title='bbox 858 3038 933 3113; x_wconf 82' lang='lat' dir='ltr'>est,</span> <span class='ocrx_word' id='word_1_173' title='bbox 960 3025 1016 3096; x_wconf 91' lang='lat' dir='ltr'>in·</span> <span class='ocrx_word' id='word_1_174' title='bbox 1035 3111 1038 3118; x_wconf 69' lang='lat'><em>,</em></span> 
     </span>
     <span class='ocr_line' id='line_1_29' title="bbox 43 3121 1017 3216; baseline 0 -24"><span class='ocrx_word' id='word_1_175' title='bbox 43 3126 201 3216; x_wconf 81' lang='lat' dir='ltr'>quiunt,</span> <span class='ocrx_word' id='word_1_176' title='bbox 225 3123 372 3194; x_wconf 87' lang='lat' dir='ltr'>Eirikus</span> <span class='ocrx_word' id='word_1_177' title='bbox 396 3125 567 3215; x_wconf 86' lang='lat' dir='ltr'>Satrapa,</span> <span class='ocrx_word' id='word_1_178' title='bbox 594 3121 886 3216; x_wconf 84' lang='lat' dir='ltr'>Hakonislilius.</span> <span class='ocrx_word' id='word_1_179' title='bbox 915 3129 1017 3196; x_wconf 89' lang='lat' dir='ltr'>Tum</span> 
     </span>
     <span class='ocr_line' id='line_1_30' title="bbox 42 3223 1016 3316; baseline 0 -24"><span class='ocrx_word' id='word_1_180' title='bbox 42 3247 109 3292; x_wconf 85' lang='lat' dir='ltr'>rex</span> <span class='ocrx_word' id='word_1_181' title='bbox 130 3223 286 3294; x_wconf 84' lang='lat' dir='ltr'>Olavus:</span> <span class='ocrx_word' id='word_1_182' title='bbox 313 3247 399 3293; x_wconf 84' lang='lat' dir='ltr'>sane</span> <span class='ocrx_word' id='word_1_183' title='bbox 417 3247 530 3316; x_wconf 91' lang='lat' dir='ltr'>quam</span> <span class='ocrx_word' id='word_1_184' title='bbox 544 3225 688 3294; x_wconf 89' lang='lat' dir='ltr'>nobiles</span> <span class='ocrx_word' id='word_1_185' title='bbox 702 3223 800 3292; x_wconf 87' lang='lat' dir='ltr'>viros</span> <span class='ocrx_word' id='word_1_186' title='bbox 815 3224 855 3292; x_wconf 90' lang='lat' dir='ltr'>in</span> <span class='ocrx_word' id='word_1_187' title='bbox 869 3224 941 3298; x_wconf 89' lang='lat' dir='ltr'>hoc</span> <span class='ocrx_word' id='word_1_188' title='bbox 954 3247 1016 3300; x_wconf 77' lang='lat' dir='ltr'>ex·</span> 
     </span>
     <span class='ocr_line' id='line_1_31' title="bbox 44 3323 1016 3416; baseline 0 -22"><span class='ocrx_word' id='word_1_189' title='bbox 44 3323 302 3396; x_wconf 86' lang='lat' dir='ltr'>ercitucontra</span> <span class='ocrx_word' id='word_1_190' title='bbox 318 3347 385 3394; x_wconf 88' lang='lat' dir='ltr'>nos</span> <span class='ocrx_word' id='word_1_191' title='bbox 399 3337 668 3416; x_wconf 88' lang='lat' dir='ltr'>opposuerunt.</span> <span class='ocrx_word' id='word_1_192' title='bbox 722 3323 872 3396; x_wconf 84' lang='lat' dir='ltr'>Eirikus</span> <span class='ocrx_word' id='word_1_193' title='bbox 886 3339 1016 3394; x_wconf 83' lang='lat' dir='ltr'>autem</span> 
     </span>
     <span class='ocr_line' id='line_1_32' title="bbox 42 3422 1016 3515; baseline -0.002 -20"><span class='ocrx_word' id='word_1_194' title='bbox 42 3428 196 3515; x_wconf 86' lang='lat' dir='ltr'>Satrapa</span> <span class='ocrx_word' id='word_1_195' title='bbox 210 3425 343 3513; x_wconf 85' lang='lat' dir='ltr'>justas,</span> <span class='ocrx_word' id='word_1_196' title='bbox 370 3425 500 3514; x_wconf 81' lang='lat' dir='ltr'>crede,</span> <span class='ocrx_word' id='word_1_197' title='bbox 528 3422 599 3491; x_wconf 89' lang='lat' dir='ltr'>sibi</span> <span class='ocrx_word' id='word_1_198' title='bbox 614 3423 753 3492; x_wconf 87' lang='lat' dir='ltr'>habere</span> <span class='ocrx_word' id='word_1_199' title='bbox 769 3423 918 3493; x_wconf 87' lang='lat' dir='ltr'>videtur</span> <span class='ocrx_word' id='word_1_200' title='bbox 929 3445 1016 3493; x_wconf 87' lang='lat' dir='ltr'>cau-</span> 
     </span>
     <span class='ocr_line' id='line_1_33' title="bbox 41 3524 1015 3618; baseline -0.005 -23"><span class='ocrx_word' id='word_1_201' title='bbox 41 3545 98 3595; x_wconf 86' lang='lat' dir='ltr'>sas</span> <span class='ocrx_word' id='word_1_202' title='bbox 114 3546 182 3594; x_wconf 91' lang='lat' dir='ltr'>nos</span> <span class='ocrx_word' id='word_1_203' title='bbox 201 3525 462 3618; x_wconf 78' lang='lat' dir='ltr'>aggrediendi3</span> <span class='ocrx_word' id='word_1_204' title='bbox 502 3547 523 3593; x_wconf 90' lang='lat' dir='ltr'>a</span> <span class='ocrx_word' id='word_1_205' title='bbox 539 3524 646 3611; x_wconf 86' lang='lat' dir='ltr'>cujus</span> <span class='ocrx_word' id='word_1_206' title='bbox 667 3524 784 3615; x_wconf 89' lang='lat' dir='ltr'>copiis</span> <span class='ocrx_word' id='word_1_207' title='bbox 805 3545 889 3592; x_wconf 88' lang='lat' dir='ltr'>acre</span> <span class='ocrx_word' id='word_1_208' title='bbox 907 3525 1015 3594; x_wconf 82' lang='lat' dir='ltr'>nobis</span> 
     </span>
     <span class='ocr_line' id='line_1_34' title="bbox 41 3625 1013 3716; baseline -0.006 -21"><span class='ocrx_word' id='word_1_209' title='bbox 41 3639 235 3695; x_wconf 83' lang='lat' dir='ltr'>certamen</span> <span class='ocrx_word' id='word_1_210' title='bbox 252 3625 552 3716; x_wconf 85' lang='lat' dir='ltr'>exspectandum.</span> <span class='ocrx_word' id='word_1_211' title='bbox 607 3627 771 3716; x_wconf 75' lang='lat' dir='ltr'>Norvegi</span> <span class='ocrx_word' id='word_1_212' title='bbox 792 3625 894 3692; x_wconf 87' lang='lat' dir='ltr'>enim</span> <span class='ocrx_word' id='word_1_213' title='bbox 913 3637 1013 3712; x_wconf 77' lang='lat' dir='ltr'>sunt,</span> 
     </span>
     <span class='ocr_line' id='line_1_35' title="bbox 9 3723 1015 3818; baseline -0.003 -23"><span class='ocrx_word' id='word_1_214' title='bbox 9 3727 11 3734; x_wconf 72' lang='lat'>&#39;</span> <span class='ocrx_word' id='word_1_215' title='bbox 40 3741 84 3795; x_wconf 85' lang='lat' dir='ltr'>ut</span> <span class='ocrx_word' id='word_1_216' title='bbox 112 3745 180 3796; x_wconf 86' lang='lat' dir='ltr'>nos</span> <span class='ocrx_word' id='word_1_217' title='bbox 209 3723 402 3818; x_wconf 82' lang='lat' dir='ltr'>sumus*).·</span> <span class='ocrx_word' id='word_1_218' title='bbox 475 3723 643 3796; x_wconf 85' lang='lat' dir='ltr'>Posthaec</span> <span class='ocrx_word' id='word_1_219' title='bbox 664 3743 771 3816; x_wconf 86' lang='lat' dir='ltr'>reges</span> <span class='ocrx_word' id='word_1_220' title='bbox 796 3735 834 3791; x_wconf 89' lang='lat' dir='ltr'>et</span> <span class='ocrx_word' id='word_1_221' title='bbox 858 3725 1015 3815; x_wconf 85' lang='lat' dir='ltr'>Satrapa</span> 
     </span>
    </p>
   </div>
   <div class='ocr_carea' id='block_1_9' title="bbox 40 3921 1015 4178">
    <p class='ocr_par' dir='ltr' id='par_1_9' title="bbox 40 3921 1015 4178">
     <span class='ocr_line' id='line_1_36' title="bbox 40 3921 1013 3996; baseline 0.001 -20"><span class='ocrx_word' id='word_1_222' title='bbox 40 3928 63 3993; x_wconf 74' lang='lat'>¹¹)</span> <span class='ocrx_word' id='word_1_223' title='bbox 76 3927 131 3976; x_wconf 84' lang='lat' dir='ltr'>llio</span> <span class='ocrx_word' id='word_1_224' title='bbox 144 3925 175 3974; x_wconf 78' lang='lat' dir='ltr'>lt.</span> <span class='ocrx_word' id='word_1_225' title='bbox 190 3927 293 3978; x_wconf 79' lang='lat' dir='ltr'>inserit:</span> <span class='ocrx_word' id='word_1_226' title='bbox 311 3925 412 3996; x_wconf 66' lang='lat' dir='ltr'>Thynia</span> <span class='ocrx_word' id='word_1_227' title='bbox 428 3926 523 3992; x_wconf 77' lang='lat' dir='ltr'>regina,</span> <span class='ocrx_word' id='word_1_228' title='bbox 539 3921 633 3974; x_wconf 76' lang='lat' dir='ltr'>videns</span> <span class='ocrx_word' id='word_1_229' title='bbox 649 3933 798 3992; x_wconf 80' lang='lat' dir='ltr'>apparatum</span> <span class='ocrx_word' id='word_1_230' title='bbox 810 3923 912 3991; x_wconf 69' lang='lat' dir='ltr'>praelii.</span> <span class='ocrx_word' id='word_1_231' title='bbox 922 3921 1013 3992; x_wconf 73' lang='lat' dir='ltr'>mag&#39;nn</span> 
     </span>
     <span class='ocr_line' id='line_1_37' title="bbox 75 4013 1015 4086; baseline -0.004 -17"><span class='ocrx_word' id='word_1_232' title='bbox 75 4013 147 4069; x_wconf 81' lang='lat' dir='ltr'>affici</span> <span class='ocrx_word' id='word_1_233' title='bbox 167 4018 267 4067; x_wconf 79' lang='lat' dir='ltr'>tristitia·</span> <span class='ocrx_word' id='word_1_234' title='bbox 288 4020 397 4086; x_wconf 86' lang='lat' dir='ltr'>occepit.</span> <span class='ocrx_word' id='word_1_235' title='bbox 437 4015 488 4068; x_wconf 81' lang='lat' dir='ltr'>Cui</span> <span class='ocrx_word' id='word_1_236' title='bbox 505 4034 552 4078; x_wconf 59' lang='lat' dir='ltr'>reu</span> <span class='ocrx_word' id='word_1_237' title='bbox 569 4013 681 4067; x_wconf 74' lang='lat' dir='ltr'>olavus:</span> <span class='ocrx_word' id='word_1_238' title='bbox 708 4031 777 4062; x_wconf 76' lang='lat' dir='ltr'>irone</span> <span class='ocrx_word' id='word_1_239' title='bbox 794 4027 914 4079; x_wconf 83' lang='lat' dir='ltr'>nonest,</span> <span class='ocrx_word' id='word_1_240' title='bbox 943 4015 1015 4084; x_wconf 85' lang='lat' dir='ltr'>qnod</span> 
     </span>
     <span class='ocr_line' id='line_1_38' title="bbox 73 4105 1012 4178; baseline -0.002 -20"><span class='ocrx_word' id='word_1_241' title='bbox 73 4109 178 4178; x_wconf 79' lang='lat' dir='ltr'>plnres,</span> <span class='ocrx_word' id='word_1_242' title='bbox 199 4109 300 4174; x_wconf 77' lang='lat' dir='ltr'>inquit3</span> <span class='ocrx_word' id='word_1_243' title='bbox 322 4107 373 4170; x_wconf 74' lang='lat' dir='ltr'>jam</span> <span class='ocrx_word' id='word_1_244' title='bbox 386 4109 456 4158; x_wconf 74' lang='lat' dir='ltr'>enim</span> <span class='ocrx_word' id='word_1_245' title='bbox 469 4107 644 4176; x_wconf 74' lang='lat' dir='ltr'>possessiones</span> <span class='ocrx_word' id='word_1_246' title='bbox 658 4106 778 4174; x_wconf 78' lang='lat' dir='ltr'>recepisti</span> <span class='ocrx_word' id='word_1_247' title='bbox 799 4116 868 4169; x_wconf 86' lang='lat' dir='ltr'>tuas,</span> <span class='ocrx_word' id='word_1_248' title='bbox 886 4121 945 4174; x_wconf 80' lang='lat' dir='ltr'>quae</span> <span class='ocrx_word' id='word_1_249' title='bbox 963 4105 1012 4156; x_wconf 89' lang='lat' dir='ltr'>tibi</span> 
     </span>
    </p>
   </div>
   <div class='ocr_carea' id='block_1_10' title="bbox 0 0 1268 4770">
    <p class='ocr_par' dir='ltr' id='par_1_10' title="bbox 0 0 1268 4770">
     <span class='ocr_line' id='line_1_39' title="bbox 0 0 1268 4770; baseline 0 2"><span class='ocrx_word' id='word_1_250' title='bbox 0 0 1268 4770; x_wconf 95' lang='lat' dir='ltr'> </span> 
     </span>
    </p>
   </div>
  </div>
 </body>
</html>
