2502 4774
47 273 145 339 racc.
398 277 665 315 ··········
785 351 788 355 ,
846 259 946 364 ,2103

45 487 214 560 adversus
237 481 489 576 sigmundum
517 485 682 562 decurrit
699 508 866 588 eumque
882 486 1016 600 gladio.

45 587 154 679 petit3
188 585 273 698 qui,
305 584 386 653 ictu
408 607 650 676 repercusso,
691 576 822 656 Ossuri
845 588 1008 656 securim

46 687 193 774 incutit,
220 685 281 753 ita
288 697 332 751 ut
345 685 474 756 dextra
490 687 796 800 praecisagladius
813 688 1005 774 deflueret,

45 809 128 856 mox
142 787 296 854 obverso
312 785 475 854 hominis
494 787 641 877 corpori
658 787 848 856 alterum
838 787 1007 858 retumiu
1112 867 1115 871 ,

47 909 126 956 cava
150 885 291 954 viscera
311 897 576 974 penetrantem
593 887 753 979 infligit,
789 909 863 976 quo
891 876 1006 958 ossur

47 984 235 1055 exanimus
254 983 363 1053 humi
381 985 538 1074 cecidit3
560 999 657 1066 tum
684 986 854 1058 hostibus
868 1006 1005 1078 magno

45 1109 198 1155 numero
223 1032 592 1176 supervenientibus,
619 1085 845 1179 Sigmundus
865 1109 910 1168 ex
923 1109 1005 1158 mu·

45 1186 207 1255 nimento
229 1207 377 1254 aversus
393 1185 526 1264 resiliit
541 1207 655 1276 seque
673 1187 831 1277 pedibus
846 1185 1003 1275 excepit.

44 1286 187 1355 Deinde
216 1285 497 1356 munimentum
526 1287 756 1364 tenentibus¹
773 1285 1005 1366 conditiones

45 1385 196 1474 obtulit,
221 1399 266 1454 ut
276 1383 462 1454 dederent
481 1405 560 1454 sese
582 1400 620 1456 et
636 1387 754 1476 ipsius
774 1385 929 1456 arbitrio
946 1400 1005 1463 res

45 1507 122 1554 suas
145 1485 430 1576 permitterent,
461 1484 628 1574 alioquin
659 1508 698 1553 se
724 1486 1006 1561 munimentum

44 1584 278 1654 incensurum
295 1597 332 1654 et
349 1584 619 1656 demoliturum
635 1586 810 1669 minatus.
827 1584 1020 1668 inirem·

46 1684 76 1752 ei
92 1707 170 1754 sese
188 1684 420 1754 dediderunt.

56 1839 59 1858 .
139 1784 227 1878 Cap.
245 1792 315 1856 186.
367 1785 411 1856 Id
425 1785 469 1856 de
485 1786 653 1858 Thorere
671 1784 838 1854 Beineris
855 1785 934 1854 iilio
951 1783 1004 1852 di·

45 1884 216 1974 cendum‚
240 1885 341 1976 quod
353 1885 1009 1988 adversatempestateadSudreyam.

45 1985 200 2074 delatus,
226 1985 411 2098 tandem,
422 1986 544 2054 occiso
565 1976 724 2074 Ossure,
763 1986 809 2054 ad
829 1985 1003 2078 sigmun-

44 2084 126 2154 dum
143 2085 326 2176 pervenit.
379 2087 468 2154 Post
479 2085 581 2175 haec
607 2085 851 2164 hominibus
842 2099 1003 2156 interce·

44 2184 230 2274 dentibus,
256 2184 478 2274 factumest,
504 2199 559 2273 ut,
582 2185 701 2277 pactis
721 2184 1004 2277 interSigmun-

43 2283 127 2354 dum
147 2301 186 2354 et
201 2286 421 2358 Thrandum
442 2285 621 2374 induciis,
659 2298 862 2354 conventus
877 2282 1003 2376 pacifi-

43 2385 197 2453 catorius
209 2387 454 2476 Straumseyae
471 2385 750 2468 condiceretur5
766 2406 840 2474 quo
850 2383 1002 2456 veniens
1109 2455 1112 2460 ,

43 2485 234 2555 Thrandus
266 2508 305 2554 se
338 2485 609 2554 hilarissimum
637 2484 819 2574 praebuit3
861 2481 1006 2552 ibidem

42 2603 171 2677 magna
185 2585 521 2672 aderathominum
531 2585 753 2676 frequentia.
808 2583 1002 2666 Cumvero

43 2683 82 2753 de
104 2685 361 2774 pacificatione
390 2684 490 2761 inter
522 2708 587 2756 eos
613 2699 785 2776 coeptum
811 2695 908 2753 esset
928 2680 1001 2774 agi,

43 2784 235 2856 Thrandus
252 2786 351 2856 infit:
377 2784 668 2877 haudquaquam
682 2784 905 2854 conveniens
915 2782 1000 2871 fuit,

43 2885 134 2972 quod
150 2885 385 2979 congressui,
411 2884 542 2976 inquo
560 2900 667 2976 pater
683 2899 791 2974 tuus,
826 2883 1001 2976 Sigmirn-

42 2982 82 3052 de
106 2988 280 3078 cognate!
315 2987 460 3057 occisus
482 3000 555 3075 est,
590 2984 771 3068 interiui3
815 3005 928 3074 quam
954 2981 1000 3048 ob

40 3105 128 3156 rem.
143 3109 227 3156 earn
249 3087 321 3156 tibi
339 3086 631 3158 satisfactionem
656 3084 877 3170 concedam,
918 3104 999 3170 quae

40 3197 144 3254 tuum
163 3187 348 3258 honorem
370 3210 482 3279 quarn
500 3185 663 3255 maxime
682 3196 833 3276 augeat,
862 3181 1000 3270 cuique

40 3296 78 3352 tu
92 3286 233 3376 optime
244 3287 475 3378 acquiescas,
501 3287 664 3358 utnulla
679 3282 899 3372 interposita
914 3302 999 3348 con-

40 3383 174 3456 ditione
189 3410 248 3458 res
260 3401 403 3458 nostras
419 3389 519 3456 solus
528 3385 691 3474 decidas,
715 3396 884 3472 excepto,
900 3379 1000 3471 quod

39 3485 130 3554 mihi
153 3486 280 3560 hicin
302 3487 435 3558 insulis
458 3509 633 3576 manere,
672 3498 711 3556 et
727 3481 999 3576 prefecturam,

40 3607 147 3673 quam
164 3587 304 3677 habeo,
330 3587 494 3660 retinere
510 3588 630 3656 liceat.
689 3583 916 3677 sigmundus
942 3604 1000 3650 re-

38 3688 208 3774 spondet:
234 3688 315 3758 duae
330 3711 374 3760 ex
394 3710 479 3758 mea
493 3700 599 3778 parte
619 3683 849 3756 conditiones
863 3694 998 3772 praesto

38 3801 139 3872 sunt3
167 3788 302 3879 altera,
330 3805 374 3860 ut
396 3809 464 3872 nos
482 3789 610 3874 ambo,
647 3807 716 3878 ego
735 3797 773 3852 et
785 3779 998 3868 Thrandus,

38 3889 341 3978 septemtrionem
359 3909 486 3960 versus
510 3887 550 3956 in
569 3883 797 3979 Norvegiam
814 3881 861 3952 ad
875 3881 999 3953 Hako-

37 4008 124 4060 num
138 4003 327 4082 satrapam
342 3988 517 4083 profecti,
536 3988 631 4074 ejus
648 3985 801 4056 arbitrio
827 4006 908 4052 rem
932 4003 999 4050 no·

37 4099 146 4158 stram
161 4092 530 4182 compromittamust
543 4089 685 4184 altera,
710 4099 754 4157 ut
762 4083 858 4166 nulli
869 4102 998 4184 recon-
