2502 4774
307 268 395 361 114
478 381 481 386 .
605 291 872 352 Ξ
1102 298 1205 420 reae.

243 503 478 594 suaviterque
495 502 670 591 affectus,
698 499 864 593 quamvis
877 498 1107 572 ininimicos
1120 519 1206 574 esset

245 607 407 679 crudelis
422 618 461 673 et
472 603 754 686 fraudulentum
780 616 847 671 tua
862 623 952 670 vero
969 603 1103 695 religio
1115 607 1204 674 rnul-

242 726 326 779 tum
345 730 369 774 a
383 727 468 773 mea
479 706 671 793 discrepat
724 703 821 771 Cum
835 715 963 770 autem
977 724 1023 770 ex
1040 704 1206 773 suavibus

242 811 318 879 tuis
338 807 510 896 alloquiis
522 805 746 897 intelligam,
760 804 870 889 hanc,
895 825 1009 893 quam
1024 803 1203 894 praedicas,

243 909 468 1002 religionem
489 904 593 974 omni
607 927 653 974 ex
668 917 775 995 parte
797 904 1027 993 pulcriorem
1046 918 1084 974 et
1098 905 1206 995 magis

244 1013 448 1080 salutarem
466 1028 543 1074 esse
558 1002 611 1093 ea,
636 1027 749 1096 quam
764 1003 1056 1092 ethnicitenent,
1082 1005 1209 1073 lubens·

244 1111 359 1196 facio,
407 1119 453 1174 ut
479 1107 630 1177 consilia
662 1120 728 1174 tua
753 1125 904 1194 sequar,
937 1105 1204 1194 amicitiamque

246 1209 464 1290 conciliem-3
502 1221 615 1296 atque
637 1205 722 1275 ideo
738 1205 848 1274 nolui·
860 1205 1059 1274 simulacra
1077 1205 1203 1300 colere,

246 1309 444 1406 quodiam
464 1308 587 1376 multo
613 1320 699 1374 ante
714 1305 991 1397 intelligebam,
1025 1327 1115 1372 eum
1137 1307 1205 1373 eul-

245 1411 393 1480 tumin
416 1407 524 1476 nulla
552 1429 594 1475 re
617 1405 845 1498 frugiferum
869 1428 968 1494 esse,
1007 1405 1077 1476 etsi
1101 1403 1205 1474 aliurn

243 1512 441 1582 meliorem
466 1509 697 1600 ignorabam.

253 1645 259 1652 ·
348 1611 437 1698 Cap.
455 1617 526 1680 190.
577 1611 658 1681 Rex
683 1607 819 1676 Olavus
841 1605 988 1677 laetatus
1019 1619 1093 1696 est,
1137 1607 1206 1698 sig-

244 1709 730 1799 muudumtamprudeuter
738 1709 945 1777 orationem
958 1707 1207 1798 suamexeipe-

246 1839 298 1886 re.
365 1813 467 1880 Tum
481 1807 716 1902 -Sigmundus
746 1809 975 1898 couritesque
1004 1808 1064 1877 sui
1088 1829 1207 1878 omnes

245 1910 442 2002 baptizati,
491 1925 528 1977 et
550 1911 653 1995 jussu
669 1907 766 2000 regis
789 1909 897 1980 sacris
921 1909 1206 1977 institutionibus

134 2037 141 2054 ’
246 2011 592 2099 imbuti3-posthaee
605 2008 835 2101 Sigmundus
850 2009 1207 2099 aliquantispercum

247 2133 337 2204 rege
354 2123 517 2178 versatus
534 2123 599 2196 est,
623 2129 760 2200 magno
777 2109 921 2176 honore
934 2109 1092 2179 habitus.
1143 2112 1208 2197 Ap·

184 2239 187 2244 ·
247 2225 402 2306 petente
425 2233 515 2278 vero
538 2227 720 2280 autumno
743 2210 778 2300 ¹)
803 2232 868 2276 rex
884 2209 1091 2299 Sigmundo
1107 2209 1208 2301 signi·

247 2316 349 2399 licat,
383 2313 534 2380 vallese
550 2309 693 2390 eumin
709 2313 876 2402 Fereyas
893 2309 1062 2399 mittere,
1096 2325 1210 2399 utpo-

247 2417 389 2507 pulum·
406 2413 459 2480 ibi
482 2409 716 2480 habitantem
739 2411 785 2480 ad
806 2409 1120 2480 christianismum
1134 2433 1209 2499 per-

249 2518 423 2597 duceret..
467 2511 826 2602 Sigmundusprimo
842 2510 881 2578 id
896 2513 1093 2602 negotium
1109 2533 1209 2579 exau·
1242 2597 1243 2602 ἵ

248 2614 360 2701 savit,
399 2609 554 2679 tandem
583 2633 671 2678 varo
695 2611 880 2679 voluntati
900 2611 998 2701 regis
1022 2613 1209 2679 obsecutus
1242 2617 1243 2668 l

250 2729 323 2795 esta
333 2731 515 2802 'eumque
531 2731 597 2778 rex
612 2709 832 2800 praefectum
842 2711 1037 2780 constituit
1050 2713 1210 2782 omnium

250 2817 498 2904 Faoreyarum,
513 2809 936 2904 ,doctoresquetradidiq
964 2811 1210 2903 quipopulum

249 2907 491 3004 baptizarent,
502 2905 871 3000 institutionibusque
880 2912 1210 2982 necessariisimbu

252 3027 382 3083 ereata
401 3061 407 3070 -
429 3007 675 3105 signandus,
705 3027 749 3080 ut
774 3024 855 3080 erat
876 3026 1045 3102 paratus,
1086 3033 1210 3080 navem

250 3115 378 3201 soluit,
403 3111 579 3203 facilique
596 3113 833 3206 navigatione
842 3131 950 3200 usus,
975 3135 1063 3182 curn
1079 3116 1210 3202 Faerey·
1241 3161 1242 3168 κ

251 3215 482 3302 aa'veniaset,
509 3209 660 3282 comitia
675 3213 897 3281 universalia
905 3215 1152 3306 Straumseyae
1165 3214 1210 3280 in-
1241 3213 1242 3275 l

252 3317 361 3411 dixit,
383 3337 464 3404 quae
473 3312 815 3404 magnahomiuum
830 3311 1044 3404 frequentia
1060 3313 1211 3383 celebra*

250 3431 288 3482 ta
298 3428 403 3514 nsunt.
422 3411 425 3418 ’
458 3412 680 3481 Constitutis
695 3412 874 3502 comitiis,
900 3415 1128 3507 Sigmuudus
1143 3433 1211 3480 sur·

251 3517 367 3602 rexit,
405 3513 586 3603 brevique
611 3513 781 3581 oratione
807 3515 998 3604 exposuit,
1031 3539 1070 3583 se
1095 3527 1210 3584 astate

251 3617 423 3710 proxime
447 3615 570 3705 elapsa
594 3612 780 3682 orientem
800 3605 924 3682 versus'
940 3615 980 3683 in
996 3616 1212 3707 Norvegiam

251 3716 505 3802 transmisisse,
532 3727 894 3806 couventumregem
911 3717 1070 3784 Olavum
1080 3721 1212 3808 Trygg·

252 3817 304 3883 vii
331 3817 472 3903 filium,
518 3833 725 3908 regemque
756 3815 946 3884 universas
975 3816 1115 3884 insulas
1148 3835 1212 3884 sua

251 3913 644 4008 potestatisubjecisse.
697 3915 873 4005 Plerique
891 3919 1112 3984 colonarum
1127 3937 1213 3983 com-

252 4019 468 4110 probarunt.
522 4015 1054 4110 TumSigmundualoquitur:
1082 4015 1123 4086 id
1136 4035 1213 4106 quo·
