<?xml version="1.0" encoding="UTF-8"?>
<!DOCTYPE html PUBLIC "-//W3C//DTD XHTML 1.0 Transitional//EN"
    "http://www.w3.org/TR/xhtml1/DTD/xhtml1-transitional.dtd">
<html xmlns="http://www.w3.org/1999/xhtml" xml:lang="en" lang="en">
 <head>
  <title>
</title>
<meta http-equiv="Content-Type" content="text/html;charset=utf-8" />
  <meta name='ocr-system' content='tesseract 3.04.00' />
  <meta name='ocr-capabilities' content='ocr_page ocr_carea ocr_par ocr_line ocrx_word'/>
</head>
<body>
  <div class='ocr_page' id='page_1' title='image "./scriptahistoric00unkngoog_0020.png"; bbox 0 0 2550 4772; ppageno 0'>
   <div class='ocr_carea' id='block_1_1' title="bbox 73 271 995 360">
    <p class='ocr_par' dir='ltr' id='par_1_1' title="bbox 73 271 995 360">
     <span class='ocr_line' id='line_1_1' title="bbox 73 271 995 360; baseline 0.007 -20"><span class='ocrx_word' id='word_1_1' title='bbox 73 281 163 348; x_wconf 73' lang='grc'>,152</span> <span class='ocrx_word' id='word_1_2' title='bbox 173 283 207 346; x_wconf 72' lang='lat' dir='ltr'>t.</span> <span class='ocrx_word' id='word_1_3' title='bbox 439 283 712 352; x_wconf 50' lang='lat' dir='ltr'><em>m</em></span> <span class='ocrx_word' id='word_1_4' title='bbox 966 271 995 360; x_wconf 83' lang='grc'><em>5</em></span> 
     </span>
    </p>
   </div>
   <div class='ocr_carea' id='block_1_2' title="bbox 5 491 1090 4192">
    <p class='ocr_par' dir='ltr' id='par_1_2' title="bbox 5 491 1090 4192">
     <span class='ocr_line' id='line_1_2' title="bbox 5 491 1056 589; baseline 0.003 -24"><span class='ocrx_word' id='word_1_5' title='bbox 5 537 10 556; x_wconf 83' lang='lat'><strong>‹</strong></span> <span class='ocrx_word' id='word_1_6' title='bbox 65 499 183 565; x_wconf 72' lang='lat' dir='ltr'>&#39;utine</span> <span class='ocrx_word' id='word_1_7' title='bbox 193 495 308 576; x_wconf 61' lang='lat' dir='ltr'>vectii</span> <span class='ocrx_word' id='word_1_8' title='bbox 323 491 695 566; x_wconf 77' lang='lat' dir='ltr'>liinoctuin&#39;ter&#39;rarit</span> <span class='ocrx_word' id='word_1_9' title='bbox 706 491 861 589; x_wconf 74' lang='lat' dir='ltr'>egressi,</span> <span class='ocrx_word' id='word_1_10' title='bbox 877 493 1056 574; x_wconf 68' lang='lat' dir='ltr'>incoena-</span> 
     </span>
     <span class='ocr_line' id='line_1_3' title="bbox 81 595 1060 688; baseline 0.004 -24"><span class='ocrx_word' id='word_1_11' title='bbox 81 599 175 666; x_wconf 92' lang='lat' dir='ltr'>culo</span> <span class='ocrx_word' id='word_1_12' title='bbox 189 596 357 688; x_wconf 88' lang='lat' dir='ltr'>quodam.</span> <span class='ocrx_word' id='word_1_13' title='bbox 368 595 575 664; x_wconf 86' lang='lat' dir='ltr'>dormiunt..</span> <span class='ocrx_word' id='word_1_14' title='bbox 621 597 732 667; x_wconf 83' lang='lat' dir='ltr'>Vobis</span> <span class='ocrx_word' id='word_1_15' title='bbox 742 613 869 666; x_wconf 89' lang='lat' dir='ltr'>autem</span> <span class='ocrx_word' id='word_1_16' title='bbox 882 599 1060 668; x_wconf 83' lang='lat' dir='ltr'>comitem</span> 
     </span>
     <span class='ocr_line' id='line_1_4' title="bbox 73 693 1057 790; baseline -0.002 -22"><span class='ocrx_word' id='word_1_17' title='bbox 73 695 383 785; x_wconf 68' lang='lat' dir='ltr'>,dab&#39;o,Steinem</span> <span class='ocrx_word' id='word_1_18' title='bbox 393 693 560 784; x_wconf 73' lang='lat' dir='ltr'>nornine,</span> <span class='ocrx_word' id='word_1_19' title='bbox 584 693 694 787; x_wconf 88' lang='lat' dir='ltr'>aquo</span> <span class='ocrx_word' id='word_1_20' title='bbox 711 697 791 787; x_wconf 89' lang='lat' dir='ltr'>sibi,</span> <span class='ocrx_word' id='word_1_21' title='bbox 821 693 1057 790; x_wconf 85' lang='lat' dir='ltr'>utpoteipsis</span> 
     </span>
     <span class='ocr_line' id='line_1_5' title="bbox 78 793 1053 888; baseline 0.002 -24"><span class='ocrx_word' id='word_1_22' title='bbox 78 797 295 885; x_wconf 83' lang='lat' dir='ltr'>notissime,</span> <span class='ocrx_word' id='word_1_23' title='bbox 306 797 372 864; x_wconf 64' lang='lat' dir='ltr'>:vix</span> <span class='ocrx_word' id='word_1_24' title='bbox 383 795 481 863; x_wconf 73' lang='lat' dir='ltr'>liene</span> <span class='ocrx_word' id='word_1_25' title='bbox 492 797 674 865; x_wconf 83' lang='lat' dir='ltr'>cavebunt</span> <span class='ocrx_word' id='word_1_26' title='bbox 684 793 840 888; x_wconf 52' lang='lat' dir='ltr'>piratae(</span> <span class='ocrx_word' id='word_1_27' title='bbox 879 802 1053 872; x_wconf 81' lang='lat' dir='ltr'>TurnOt-</span> 
     </span>
     <span class='ocr_line' id='line_1_6' title="bbox 79 897 1057 990; baseline 0.004 -26"><span class='ocrx_word' id='word_1_28' title='bbox 79 909 145 964; x_wconf 85' lang='lat' dir='ltr'>tar</span> <span class='ocrx_word' id='word_1_29' title='bbox 161 897 676 986; x_wconf 68' lang='lat' dir='ltr'>ae&#39;suinavenrrepetirerunt</span> <span class='ocrx_word' id='word_1_30' title='bbox 687 918 844 990; x_wconf 83' lang='lat' dir='ltr'>eamque</span> <span class='ocrx_word' id='word_1_31' title='bbox 863 900 904 968; x_wconf 90' lang='lat' dir='ltr'>in</span> <span class='ocrx_word' id='word_1_32' title='bbox 921 900 1057 968; x_wconf 85' lang='lat' dir='ltr'>ancho-</span> 
     </span>
     <span class='ocr_line' id='line_1_7' title="bbox 78 995 1055 1084; baseline 0.003 -19"><span class='ocrx_word' id='word_1_33' title='bbox 78 996 135 1065; x_wconf 84' lang='lat' dir='ltr'>ris</span> <span class='ocrx_word' id='word_1_34' title='bbox 151 1002 384 1084; x_wconf 75' lang='lat' dir='ltr'>tenuerunt,</span> <span class='ocrx_word' id='word_1_35' title='bbox 402 995 643 1066; x_wconf 72' lang='lat' dir='ltr'>eriorlointer</span> <span class='ocrx_word' id='word_1_36' title='bbox 658 999 739 1068; x_wconf 82' lang='lat' dir='ltr'>haec</span> <span class='ocrx_word' id='word_1_37' title='bbox 755 1013 866 1070; x_wconf 86' lang='lat' dir='ltr'>vento</span> <span class='ocrx_word' id='word_1_38' title='bbox 882 1001 1055 1069; x_wconf 87' lang='lat' dir='ltr'>secundo.</span> 
     </span>
     <span class='ocr_line' id='line_1_8' title="bbox 81 1096 1058 1193; baseline 0 -25"><span class='ocrx_word' id='word_1_39' title='bbox 81 1097 178 1168; x_wconf 85' lang='lat' dir='ltr'><strong>Post</strong></span> <span class='ocrx_word' id='word_1_40' title='bbox 192 1111 271 1190; x_wconf 70' lang='lat' dir='ltr'>tres</span> <span class='ocrx_word' id='word_1_41' title='bbox 283 1097 533 1186; x_wconf 21' lang='lat' dir='ltr'>*una,:0t&#39;tar,</span> <span class='ocrx_word' id='word_1_42' title='bbox 560 1100 735 1168; x_wconf 81' lang='lat' dir='ltr'>Aveldius</span> <span class='ocrx_word' id='word_1_43' title='bbox 753 1113 790 1168; x_wconf 88' lang='lat' dir='ltr'>et</span> <span class='ocrx_word' id='word_1_44' title='bbox 806 1096 955 1193; x_wconf 83' lang='lat' dir='ltr'>Steinn,</span> <span class='ocrx_word' id='word_1_45' title='bbox 982 1101 1058 1168; x_wconf 84' lang='lat' dir='ltr'>exi-</span> 
     </span>
     <span class='ocr_line' id='line_1_9' title="bbox 78 1193 1090 1296; baseline 0.002 -30"><span class='ocrx_word' id='word_1_46' title='bbox 78 1218 159 1290; x_wconf 82' lang='lat' dir='ltr'>gua</span> <span class='ocrx_word' id='word_1_47' title='bbox 170 1199 453 1292; x_wconf 85' lang='lat' dir='ltr'>cymbat&#39;erra&#39;m</span> <span class='ocrx_word' id='word_1_48' title='bbox 462 1212 608 1288; x_wconf 87' lang='lat' dir='ltr'>petunt,</span> <span class='ocrx_word' id='word_1_49' title='bbox 621 1200 706 1268; x_wconf 88' lang='lat' dir='ltr'>etin</span> <span class='ocrx_word' id='word_1_50' title='bbox 716 1193 871 1270; x_wconf 83' lang='lat' dir='ltr'>recessu·</span> <span class='ocrx_word' id='word_1_51' title='bbox 881 1194 1054 1291; x_wconf 86' lang='lat' dir='ltr'>¹quodam,</span> <span class='ocrx_word' id='word_1_52' title='bbox 1086 1287 1090 1296; x_wconf 74' lang='lat'>,</span> 
     </span>
     <span class='ocr_line' id='line_1_10' title="bbox 79 1297 1076 1389; baseline 0.001 -23"><span class='ocrx_word' id='word_1_53' title='bbox 79 1319 204 1387; x_wconf 86' lang='lat' dir='ltr'>prope</span> <span class='ocrx_word' id='word_1_54' title='bbox 220 1299 385 1386; x_wconf 71' lang='lat' dir='ltr'>doenum,</span> <span class='ocrx_word' id='word_1_55' title='bbox 412 1297 535 1389; x_wconf 84' lang='lat' dir='ltr'>inqua</span> <span class='ocrx_word' id='word_1_56' title='bbox 546 1300 616 1368; x_wconf 86' lang='lat' dir='ltr'>hac</span> <span class='ocrx_word' id='word_1_57' title='bbox 629 1315 739 1369; x_wconf 88' lang='lat' dir='ltr'>nocte</span> <span class='ocrx_word' id='word_1_58' title='bbox 748 1301 956 1371; x_wconf 87' lang='lat' dir='ltr'>dormiebat</span> <span class='ocrx_word' id='word_1_59' title='bbox 966 1301 1055 1368; x_wconf 88' lang='lat' dir='ltr'>Sok-</span> <span class='ocrx_word' id='word_1_60' title='bbox 1075 1315 1076 1320; x_wconf 76' lang='grc'>’</span> 
     </span>
     <span class='ocr_line' id='line_1_11' title="bbox 79 1397 1057 1493; baseline 0.001 -27"><span class='ocrx_word' id='word_1_61' title='bbox 79 1397 168 1466; x_wconf 86' lang='lat' dir='ltr'>kius</span> <span class='ocrx_word' id='word_1_62' title='bbox 185 1399 227 1474; x_wconf 84' lang='lat' dir='ltr'>ac</span> <span class='ocrx_word' id='word_1_63' title='bbox 241 1399 310 1487; x_wconf 88' lang='lat' dir='ltr'>sui,</span> <span class='ocrx_word' id='word_1_64' title='bbox 337 1398 546 1489; x_wconf 88' lang='lat' dir='ltr'>appellunt,</span> <span class='ocrx_word' id='word_1_65' title='bbox 574 1401 748 1490; x_wconf 83' lang='lat' dir='ltr'>atquein</span> <span class='ocrx_word' id='word_1_66' title='bbox 759 1415 901 1472; x_wconf 87' lang='lat' dir='ltr'>terram</span> <span class='ocrx_word' id='word_1_67' title='bbox 914 1401 1057 1493; x_wconf 84' lang='lat' dir='ltr'>egredi·-</span> 
     </span>
     <span class='ocr_line' id='line_1_12' title="bbox 80 1497 1057 1592; baseline 0.004 -26"><span class='ocrx_word' id='word_1_68' title='bbox 80 1513 210 1569; x_wconf 83' lang='lat' dir='ltr'>untur.</span> <span class='ocrx_word' id='word_1_69' title='bbox 239 1499 312 1592; x_wconf 86' lang='lat' dir='ltr'>Qui</span> <span class='ocrx_word' id='word_1_70' title='bbox 324 1519 411 1568; x_wconf 88' lang='lat' dir='ltr'>curn</span> <span class='ocrx_word' id='word_1_71' title='bbox 419 1498 548 1567; x_wconf 89' lang='lat' dir='ltr'>villam</span> <span class='ocrx_word' id='word_1_72' title='bbox 556 1497 909 1590; x_wconf 80' lang='lat' dir='ltr'>appropinquarent,</span> <span class='ocrx_word' id='word_1_73' title='bbox 925 1501 1057 1571; x_wconf 89' lang='lat' dir='ltr'>Steinn</span> 
     </span>
     <span class='ocr_line' id='line_1_13' title="bbox 79 1597 1056 1692; baseline 0.001 -26"><span class='ocrx_word' id='word_1_74' title='bbox 79 1598 223 1688; x_wconf 83' lang='lat' dir='ltr'><strong>piratas</strong></span> <span class='ocrx_word' id='word_1_75' title='bbox 238 1611 465 1668; x_wconf 85' lang='lat' dir='ltr'>conventum</span> <span class='ocrx_word' id='word_1_76' title='bbox 473 1597 559 1688; x_wconf 69' lang='lat' dir='ltr'>ivit,</span> <span class='ocrx_word' id='word_1_77' title='bbox 585 1613 622 1677; x_wconf 81' lang='lat' dir='ltr'>et</span> <span class='ocrx_word' id='word_1_78' title='bbox 630 1601 730 1690; x_wconf 87' lang='lat' dir='ltr'>quod</span> <span class='ocrx_word' id='word_1_79' title='bbox 741 1602 861 1670; x_wconf 78' lang='lat' dir='ltr'>visum</span> <span class='ocrx_word' id='word_1_80' title='bbox 871 1615 926 1668; x_wconf 88' lang='lat' dir='ltr'>est</span> <span class='ocrx_word' id='word_1_81' title='bbox 943 1616 1056 1692; x_wconf 76' lang='lat' dir='ltr'>nego·-</span> 
     </span>
     <span class='ocr_line' id='line_1_14' title="bbox 80 1697 1055 1791; baseline 0.002 -25"><span class='ocrx_word' id='word_1_82' title='bbox 80 1697 130 1766; x_wconf 89' lang='lat' dir='ltr'>tii</span> <span class='ocrx_word' id='word_1_83' title='bbox 156 1699 354 1788; x_wconf 84' lang='lat' dir='ltr'>simulans,</span> <span class='ocrx_word' id='word_1_84' title='bbox 386 1698 618 1790; x_wconf 84' lang='lat' dir='ltr'>colloquium</span> <span class='ocrx_word' id='word_1_85' title='bbox 633 1701 759 1770; x_wconf 85' lang='lat' dir='ltr'>Sokkii</span> <span class='ocrx_word' id='word_1_86' title='bbox 774 1702 905 1791; x_wconf 86' lang='lat' dir='ltr'>petiit,</span> <span class='ocrx_word' id='word_1_87' title='bbox 944 1715 1055 1790; x_wconf 88' lang='lat' dir='ltr'>atque</span> 
     </span>
     <span class='ocr_line' id='line_1_15' title="bbox 81 1797 1055 1892; baseline -0.001 -24"><span class='ocrx_word' id='word_1_88' title='bbox 81 1821 248 1880; x_wconf 85' lang='lat' dir='ltr'>unacum</span> <span class='ocrx_word' id='word_1_89' title='bbox 256 1799 316 1868; x_wconf 90' lang='lat' dir='ltr'>his</span> <span class='ocrx_word' id='word_1_90' title='bbox 329 1821 484 1892; x_wconf 81' lang='lat' dir='ltr'>vespere</span> <span class='ocrx_word' id='word_1_91' title='bbox 497 1799 643 1889; x_wconf 89' lang='lat' dir='ltr'>poculis</span> <span class='ocrx_word' id='word_1_92' title='bbox 662 1797 828 1870; x_wconf 88' lang='lat' dir='ltr'>indulsit.</span> <span class='ocrx_word' id='word_1_93' title='bbox 885 1801 981 1869; x_wconf 88' lang='lat' dir='ltr'>Cum</span> <span class='ocrx_word' id='word_1_94' title='bbox 994 1823 1055 1868; x_wconf 91' lang='lat' dir='ltr'>ve-</span> 
     </span>
     <span class='ocr_line' id='line_1_16' title="bbox 81 1893 1056 1990; baseline 0.002 -24"><span class='ocrx_word' id='word_1_95' title='bbox 81 1920 146 1986; x_wconf 90' lang='lat' dir='ltr'>ro,</span> <span class='ocrx_word' id='word_1_96' title='bbox 180 1901 301 1968; x_wconf 83' lang='lat' dir='ltr'>multa</span> <span class='ocrx_word' id='word_1_97' title='bbox 322 1900 400 1986; x_wconf 80' lang='lat' dir='ltr'>iam</span> <span class='ocrx_word' id='word_1_98' title='bbox 422 1913 551 1988; x_wconf 87' lang='lat' dir='ltr'>nocte,</span> <span class='ocrx_word' id='word_1_99' title='bbox 587 1893 888 1990; x_wconf 80' lang='lat' dir='ltr'>cubitum&#39;irent,</span> <span class='ocrx_word' id='word_1_100' title='bbox 925 1901 1056 1970; x_wconf 87' lang='lat' dir='ltr'>Steinn</span> 
     </span>
     <span class='ocr_line' id='line_1_17' title="bbox 82 1999 1055 2092; baseline -0.002 -22"><span class='ocrx_word' id='word_1_101' title='bbox 82 1999 207 2070; x_wconf 89' lang='lat' dir='ltr'>Ottari</span> <span class='ocrx_word' id='word_1_102' title='bbox 223 1999 374 2092; x_wconf 76' lang='lat' dir='ltr'>signum</span> <span class='ocrx_word' id='word_1_103' title='bbox 392 2000 503 2068; x_wconf 81' lang='lat' dir='ltr'>dedit.</span> <span class='ocrx_word' id='word_1_104' title='bbox 556 1999 708 2088; x_wconf 80' lang='lat' dir='ltr'><strong>Piratae,</strong></span> <span class='ocrx_word' id='word_1_105' title='bbox 736 2002 800 2092; x_wconf 92' lang='lat' dir='ltr'>qui</span> <span class='ocrx_word' id='word_1_106' title='bbox 818 2015 962 2092; x_wconf 87' lang='lat' dir='ltr'><strong>septem</strong></span> <span class='ocrx_word' id='word_1_107' title='bbox 978 2023 1055 2068; x_wconf 80' lang='lat' dir='ltr'>om·</span> 
     </span>
     <span class='ocr_line' id='line_1_18' title="bbox 82 2099 1056 2188; baseline 0.002 -22"><span class='ocrx_word' id='word_1_108' title='bbox 82 2099 173 2168; x_wconf 91' lang='lat' dir='ltr'>nino</span> <span class='ocrx_word' id='word_1_109' title='bbox 192 2113 315 2188; x_wconf 86' lang='lat' dir='ltr'>erant,</span> <span class='ocrx_word' id='word_1_110' title='bbox 342 2100 383 2168; x_wconf 90' lang='lat' dir='ltr'>in</span> <span class='ocrx_word' id='word_1_111' title='bbox 399 2102 633 2169; x_wconf 89' lang='lat' dir='ltr'>coenaculum</span> <span class='ocrx_word' id='word_1_112' title='bbox 642 2100 809 2188; x_wconf 84' lang='lat' dir='ltr'>veniunt,</span> <span class='ocrx_word' id='word_1_113' title='bbox 833 2114 954 2170; x_wconf 86' lang='lat' dir='ltr'>vestes</span> <span class='ocrx_word' id='word_1_114' title='bbox 968 2125 1056 2169; x_wconf 90' lang='lat' dir='ltr'>exu-</span> 
     </span>
     <span class='ocr_line' id='line_1_19' title="bbox 84 2199 1054 2290; baseline 0.001 -24"><span class='ocrx_word' id='word_1_115' title='bbox 84 2223 147 2267; x_wconf 86' lang='lat' dir='ltr'>ere</span> <span class='ocrx_word' id='word_1_116' title='bbox 181 2199 378 2289; x_wconf 88' lang='lat' dir='ltr'>incipiunt.</span> <span class='ocrx_word' id='word_1_117' title='bbox 442 2201 666 2290; x_wconf 83' lang='lat' dir='ltr'>Splendebat</span> <span class='ocrx_word' id='word_1_118' title='bbox 699 2201 850 2288; x_wconf 86' lang='lat' dir='ltr'>domus,</span> <span class='ocrx_word' id='word_1_119' title='bbox 900 2223 1054 2270; x_wconf 88' lang='lat' dir='ltr'>accenso</span> 
     </span>
     <span class='ocr_line' id='line_1_20' title="bbox 82 2299 1054 2387; baseline 0 -20"><span class='ocrx_word' id='word_1_120' title='bbox 82 2299 250 2386; x_wconf 79' lang='lat' dir='ltr'>lumine3</span> <span class='ocrx_word' id='word_1_121' title='bbox 274 2299 788 2387; x_wconf 80' lang='lat' dir='ltr'>forisdensissirnaetenebrae,</span> <span class='ocrx_word' id='word_1_122' title='bbox 810 2301 1054 2370; x_wconf 86' lang='lat' dir='ltr'>nocteilluni.</span> 
     </span>
     <span class='ocr_line' id='line_1_21' title="bbox 83 2398 1058 2492; baseline -0.002 -24"><span class='ocrx_word' id='word_1_123' title='bbox 83 2400 191 2468; x_wconf 89' lang='lat' dir='ltr'>Ottar</span> <span class='ocrx_word' id='word_1_124' title='bbox 215 2411 254 2467; x_wconf 84' lang='lat' dir='ltr'>et</span> <span class='ocrx_word' id='word_1_125' title='bbox 267 2399 442 2468; x_wconf 80' lang='lat' dir='ltr'>Aveldius</span> <span class='ocrx_word' id='word_1_126' title='bbox 466 2398 541 2466; x_wconf 87' lang='lat' dir='ltr'>cito</span> <span class='ocrx_word' id='word_1_127' title='bbox 569 2419 697 2492; x_wconf 84' lang='lat' dir='ltr'>gressu</span> <span class='ocrx_word' id='word_1_128' title='bbox 714 2399 904 2492; x_wconf 88' lang='lat' dir='ltr'>advolant,</span> <span class='ocrx_word' id='word_1_129' title='bbox 930 2399 991 2482; x_wconf 89' lang='lat' dir='ltr'>ita</span> <span class='ocrx_word' id='word_1_130' title='bbox 1013 2414 1058 2468; x_wconf 93' lang='lat' dir='ltr'>ut</span> 
     </span>
     <span class='ocr_line' id='line_1_22' title="bbox 86 2497 1057 2592; baseline 0.002 -26"><span class='ocrx_word' id='word_1_131' title='bbox 86 2498 435 2569; x_wconf 82' lang='lat' dir='ltr'>infimosscalarurn</span> <span class='ocrx_word' id='word_1_132' title='bbox 450 2497 584 2591; x_wconf 83' lang='lat' dir='ltr'>gradus</span> <span class='ocrx_word' id='word_1_133' title='bbox 600 2513 785 2590; x_wconf 88' lang='lat' dir='ltr'>tenerent,</span> <span class='ocrx_word' id='word_1_134' title='bbox 814 2522 902 2569; x_wconf 84' lang='lat' dir='ltr'>curn</span> <span class='ocrx_word' id='word_1_135' title='bbox 919 2500 1057 2592; x_wconf 88' lang='lat' dir='ltr'>quipo-</span> 
     </span>
     <span class='ocr_line' id='line_1_23' title="bbox 84 2595 1057 2691; baseline 0.002 -25"><span class='ocrx_word' id='word_1_136' title='bbox 84 2599 216 2668; x_wconf 85' lang='lat' dir='ltr'>stremi</span> <span class='ocrx_word' id='word_1_137' title='bbox 231 2599 336 2668; x_wconf 84' lang='lat' dir='ltr'>ibant</span> <span class='ocrx_word' id='word_1_138' title='bbox 350 2599 579 2691; x_wconf 80' lang='lat' dir='ltr'>piratarum,</span> <span class='ocrx_word' id='word_1_139' title='bbox 606 2599 646 2666; x_wconf 89' lang='lat' dir='ltr'>in</span> <span class='ocrx_word' id='word_1_140' title='bbox 663 2595 854 2669; x_wconf 84' lang='lat' dir='ltr'>summum</span> <span class='ocrx_word' id='word_1_141' title='bbox 868 2599 1057 2690; x_wconf 86' lang='lat' dir='ltr'>pervenis-</span> 
     </span>
     <span class='ocr_line' id='line_1_24' title="bbox 83 2697 1058 2790; baseline 0.002 -24"><span class='ocrx_word' id='word_1_142' title='bbox 83 2711 186 2782; x_wconf 61' lang='lat' dir='ltr'>sent,</span> <span class='ocrx_word' id='word_1_143' title='bbox 207 2699 308 2782; x_wconf 84' lang='lat' dir='ltr'>intro</span> <span class='ocrx_word' id='word_1_144' title='bbox 328 2699 369 2768; x_wconf 92' lang='lat' dir='ltr'>in</span> <span class='ocrx_word' id='word_1_145' title='bbox 381 2697 616 2768; x_wconf 81' lang='lat' dir='ltr'>coenaculum</span> <span class='ocrx_word' id='word_1_146' title='bbox 626 2699 896 2790; x_wconf 82' lang='lat' dir='ltr'>seproripiunt.</span> <span class='ocrx_word' id='word_1_147' title='bbox 949 2701 1058 2768; x_wconf 85' lang='lat' dir='ltr'>Ottar</span> 
     </span>
     <span class='ocr_line' id='line_1_25' title="bbox 81 2799 1056 2892; baseline -0.005 -22"><span class='ocrx_word' id='word_1_148' title='bbox 81 2799 220 2870; x_wconf 86' lang='lat' dir='ltr'>Sokkio</span> <span class='ocrx_word' id='word_1_149' title='bbox 231 2799 399 2892; x_wconf 84' lang='lat' dir='ltr'>gladium</span> <span class='ocrx_word' id='word_1_150' title='bbox 408 2800 505 2868; x_wconf 83' lang='lat' dir='ltr'>infra</span> <span class='ocrx_word' id='word_1_151' title='bbox 522 2800 760 2889; x_wconf 22' lang='lat' dir='ltr'>loricamyper</span> <span class='ocrx_word' id='word_1_152' title='bbox 777 2800 904 2869; x_wconf 87' lang='lat' dir='ltr'>alvum</span> <span class='ocrx_word' id='word_1_153' title='bbox 919 2800 1056 2891; x_wconf 82' lang='lat' dir='ltr'>adegit,</span> 
     </span>
     <span class='ocr_line' id='line_1_26' title="bbox 29 2899 1057 2990; baseline -0.002 -22"><span class='ocrx_word' id='word_1_154' title='bbox 29 2929 33 2936; x_wconf 93' lang='lat'>·</span> <span class='ocrx_word' id='word_1_155' title='bbox 85 2923 159 2990; x_wconf 89' lang='lat' dir='ltr'>quo</span> <span class='ocrx_word' id='word_1_156' title='bbox 191 2902 346 2969; x_wconf 87' lang='lat' dir='ltr'>vulnere</span> <span class='ocrx_word' id='word_1_157' title='bbox 370 2899 473 2969; x_wconf 88' lang='lat' dir='ltr'>illico</span> <span class='ocrx_word' id='word_1_158' title='bbox 502 2899 733 2971; x_wconf 81' lang='lat' dir='ltr'>exanimatus</span> <span class='ocrx_word' id='word_1_159' title='bbox 763 2913 828 2967; x_wconf 88' lang='lat' dir='ltr'>est.</span> <span class='ocrx_word' id='word_1_160' title='bbox 880 2899 1057 2970; x_wconf 78' lang='lat' dir='ltr'>Aveldius</span> 
     </span>
     <span class='ocr_line' id='line_1_27' title="bbox 82 2998 1058 3092; baseline -0.001 -24"><span class='ocrx_word' id='word_1_161' title='bbox 82 2998 242 3088; x_wconf 80' lang='lat' dir='ltr'>Sotium,</span> <span class='ocrx_word' id='word_1_162' title='bbox 263 3001 721 3092; x_wconf 87' lang='lat' dir='ltr'>loricasepronocorpore</span> <span class='ocrx_word' id='word_1_163' title='bbox 732 3014 946 3088; x_wconf 88' lang='lat' dir='ltr'>exuentem,</span> <span class='ocrx_word' id='word_1_164' title='bbox 970 3021 1058 3067; x_wconf 89' lang='lat' dir='ltr'>ense</span> 
     </span>
     <span class='ocr_line' id='line_1_28' title="bbox 81 3097 1058 3192; baseline -0.002 -24"><span class='ocrx_word' id='word_1_165' title='bbox 81 3099 185 3168; x_wconf 80' lang='lat' dir='ltr'>feriit</span> <span class='ocrx_word' id='word_1_166' title='bbox 210 3115 248 3170; x_wconf 89' lang='lat' dir='ltr'>et</span> <span class='ocrx_word' id='word_1_167' title='bbox 265 3115 443 3192; x_wconf 87' lang='lat' dir='ltr'>utrasque</span> <span class='ocrx_word' id='word_1_168' title='bbox 460 3115 564 3170; x_wconf 87' lang='lat' dir='ltr'>nates</span> <span class='ocrx_word' id='word_1_169' title='bbox 587 3100 763 3183; x_wconf 64' lang='lat' dir='ltr'>abscidit,</span> <span class='ocrx_word' id='word_1_170' title='bbox 798 3097 932 3167; x_wconf 88' lang='lat' dir='ltr'>deinde</span> <span class='ocrx_word' id='word_1_171' title='bbox 947 3099 1058 3168; x_wconf 88' lang='lat' dir='ltr'>domo</span> 
     </span>
     <span class='ocr_line' id='line_1_29' title="bbox 81 3199 1058 3290; baseline -0.004 -22"><span class='ocrx_word' id='word_1_172' title='bbox 81 3215 309 3290; x_wconf 86' lang='lat' dir='ltr'>excurrunt,</span> <span class='ocrx_word' id='word_1_173' title='bbox 343 3224 388 3269; x_wconf 86' lang='lat' dir='ltr'>ex</span> <span class='ocrx_word' id='word_1_174' title='bbox 403 3201 535 3290; x_wconf 84' lang='lat' dir='ltr'>primis</span> <span class='ocrx_word' id='word_1_175' title='bbox 562 3199 669 3268; x_wconf 90' lang='lat' dir='ltr'>scalis</span> <span class='ocrx_word' id='word_1_176' title='bbox 688 3201 787 3267; x_wconf 88' lang='lat' dir='ltr'>saltu</span> <span class='ocrx_word' id='word_1_177' title='bbox 803 3199 845 3265; x_wconf 92' lang='lat' dir='ltr'>in</span> <span class='ocrx_word' id='word_1_178' title='bbox 859 3211 1000 3266; x_wconf 86' lang='lat' dir='ltr'>terram</span> <span class='ocrx_word' id='word_1_179' title='bbox 1019 3220 1058 3264; x_wconf 89' lang='lat' dir='ltr'>se</span> 
     </span>
     <span class='ocr_line' id='line_1_30' title="bbox 82 3299 1059 3390; baseline -0.002 -22"><span class='ocrx_word' id='word_1_180' title='bbox 82 3301 304 3389; x_wconf 86' lang='lat' dir='ltr'>demittunt,</span> <span class='ocrx_word' id='word_1_181' title='bbox 317 3301 481 3370; x_wconf 87' lang='lat' dir='ltr'>tenebris</span> <span class='ocrx_word' id='word_1_182' title='bbox 494 3323 532 3370; x_wconf 88' lang='lat' dir='ltr'>se</span> <span class='ocrx_word' id='word_1_183' title='bbox 544 3299 841 3384; x_wconf 67' lang='lat' dir='ltr'>committentes,</span> <span class='ocrx_word' id='word_1_184' title='bbox 859 3321 947 3366; x_wconf 88' lang='lat' dir='ltr'>mox</span> <span class='ocrx_word' id='word_1_185' title='bbox 956 3321 1059 3390; x_wconf 87' lang='lat' dir='ltr'>cym-</span> 
     </span>
     <span class='ocr_line' id='line_1_31' title="bbox 81 3399 1056 3493; baseline -0.001 -24"><span class='ocrx_word' id='word_1_186' title='bbox 81 3402 170 3470; x_wconf 86' lang='lat' dir='ltr'>bam</span> <span class='ocrx_word' id='word_1_187' title='bbox 185 3401 414 3490; x_wconf 78' lang='lat' dir='ltr'>petiverunt,</span> <span class='ocrx_word' id='word_1_188' title='bbox 440 3425 514 3493; x_wconf 89' lang='lat' dir='ltr'>qua</span> <span class='ocrx_word' id='word_1_189' title='bbox 525 3399 624 3469; x_wconf 86' lang='lat' dir='ltr'>vecti</span> <span class='ocrx_word' id='word_1_190' title='bbox 636 3423 770 3474; x_wconf 85' lang='lat' dir='ltr'>navem</span> <span class='ocrx_word' id='word_1_191' title='bbox 786 3400 946 3468; x_wconf 85' lang='lat' dir='ltr'>assecuti</span> <span class='ocrx_word' id='word_1_192' title='bbox 959 3411 1056 3468; x_wconf 88' lang='lat' dir='ltr'>sunt.</span> 
     </span>
     <span class='ocr_line' id='line_1_32' title="bbox 79 3498 1058 3594; baseline -0.006 -24"><span class='ocrx_word' id='word_1_193' title='bbox 79 3499 277 3570; x_wconf 82' lang='lat' dir='ltr'>Secundus</span> <span class='ocrx_word' id='word_1_194' title='bbox 301 3501 433 3570; x_wconf 82' lang='lat' dir='ltr'>veritus</span> <span class='ocrx_word' id='word_1_195' title='bbox 462 3499 723 3570; x_wconf 84' lang='lat' dir='ltr'>vehementius</span> <span class='ocrx_word' id='word_1_196' title='bbox 756 3501 940 3590; x_wconf 72' lang='lat' dir='ltr'>spirabat,</span> <span class='ocrx_word' id='word_1_197' title='bbox 973 3498 1058 3594; x_wconf 77' lang='lat' dir='ltr'>ideo</span> 
     </span>
     <span class='ocr_line' id='line_1_33' title="bbox 79 3599 1061 3690; baseline -0.002 -22"><span class='ocrx_word' id='word_1_198' title='bbox 79 3599 328 3670; x_wconf 84' lang='lat' dir='ltr'>illucescente</span> <span class='ocrx_word' id='word_1_199' title='bbox 354 3603 432 3690; x_wconf 87' lang='lat' dir='ltr'>die,</span> <span class='ocrx_word' id='word_1_200' title='bbox 456 3603 559 3682; x_wconf 57' lang='lat' dir='ltr'>,vela</span> <span class='ocrx_word' id='word_1_201' title='bbox 583 3602 723 3671; x_wconf 84' lang='lat' dir='ltr'>tollunt</span> <span class='ocrx_word' id='word_1_202' title='bbox 742 3615 855 3690; x_wconf 85' lang='lat' dir='ltr'>atque</span> <span class='ocrx_word' id='word_1_203' title='bbox 877 3601 918 3667; x_wconf 91' lang='lat' dir='ltr'>in</span> <span class='ocrx_word' id='word_1_204' title='bbox 939 3601 1061 3666; x_wconf 87' lang='lat' dir='ltr'>altum</span> 
     </span>
     <span class='ocr_line' id='line_1_34' title="bbox 79 3699 1060 3791; baseline -0.003 -23"><span class='ocrx_word' id='word_1_205' title='bbox 79 3701 360 3790; x_wconf 83' lang='lat' dir='ltr'>provehuntur,</span> <span class='ocrx_word' id='word_1_206' title='bbox 391 3701 533 3772; x_wconf 83' lang='lat' dir='ltr'>famam</span> <span class='ocrx_word' id='word_1_207' title='bbox 551 3701 743 3772; x_wconf 84' lang='lat' dir='ltr'>consecuti</span> <span class='ocrx_word' id='word_1_208' title='bbox 762 3699 916 3772; x_wconf 88' lang='lat' dir='ltr'>ultionis</span> <span class='ocrx_word' id='word_1_209' title='bbox 933 3699 1060 3791; x_wconf 84' lang='lat' dir='ltr'>gnavi-</span> 
     </span>
     <span class='ocr_line' id='line_1_35' title="bbox 79 3791 1063 3894; baseline -0.002 -27"><span class='ocrx_word' id='word_1_210' title='bbox 79 3815 141 3868; x_wconf 88' lang='lat' dir='ltr'>ter</span> <span class='ocrx_word' id='word_1_211' title='bbox 159 3815 308 3870; x_wconf 83' lang='lat' dir='ltr'>exactae.</span> <span class='ocrx_word' id='word_1_212' title='bbox 363 3802 600 3890; x_wconf 86' lang='lat' dir='ltr'>Gunnhilda,</span> <span class='ocrx_word' id='word_1_213' title='bbox 626 3791 991 3894; x_wconf 82' lang='lat' dir='ltr'>Regum-genitrix,</span> <span class='ocrx_word' id='word_1_214' title='bbox 1018 3811 1063 3866; x_wconf 88' lang='lat' dir='ltr'>ut</span> 
     </span>
     <span class='ocr_line' id='line_1_36' title="bbox 80 3899 1062 3992; baseline -0.003 -25"><span class='ocrx_word' id='word_1_215' title='bbox 80 3924 166 3990; x_wconf 87' lang='lat' dir='ltr'>quae</span> <span class='ocrx_word' id='word_1_216' title='bbox 193 3916 297 3992; x_wconf 81' lang='lat' dir='ltr'>gesta</span> <span class='ocrx_word' id='word_1_217' title='bbox 322 3915 427 3970; x_wconf 89' lang='lat' dir='ltr'>erant</span> <span class='ocrx_word' id='word_1_218' title='bbox 443 3902 602 3990; x_wconf 86' lang='lat' dir='ltr'>audivit,</span> <span class='ocrx_word' id='word_1_219' title='bbox 633 3901 750 3970; x_wconf 85' lang='lat' dir='ltr'>fatur:</span> <span class='ocrx_word' id='word_1_220' title='bbox 784 3902 890 3974; x_wconf 88' lang='lat' dir='ltr'>Male</span> <span class='ocrx_word' id='word_1_221' title='bbox 913 3899 1062 3986; x_wconf 89' lang='lat' dir='ltr'>accidit,</span> 
     </span>
     <span class='ocr_line' id='line_1_37' title="bbox 80 3997 1063 4092; baseline -0.004 -24"><span class='ocrx_word' id='word_1_222' title='bbox 80 4001 185 4092; x_wconf 86' lang='lat' dir='ltr'>quod</span> <span class='ocrx_word' id='word_1_223' title='bbox 201 4001 386 4091; x_wconf 69' lang='lat' dir='ltr'>hominen,</span> <span class='ocrx_word' id='word_1_224' title='bbox 403 4003 468 4092; x_wconf 92' lang='lat' dir='ltr'>qui</span> <span class='ocrx_word' id='word_1_225' title='bbox 479 4002 774 4070; x_wconf 85' lang='lat' dir='ltr'>amicosnostros</span> <span class='ocrx_word' id='word_1_226' title='bbox 790 3997 1063 4069; x_wconf 86' lang='lat' dir='ltr'>interfecerunt</span> 
     </span>
     <span class='ocr_line' id='line_1_38' title="bbox 79 4098 1062 4192; baseline -0.005 -24"><span class='ocrx_word' id='word_1_227' title='bbox 79 4115 120 4168; x_wconf 89' lang='lat' dir='ltr'>et</span> <span class='ocrx_word' id='word_1_228' title='bbox 138 4103 371 4172; x_wconf 83' lang='lat' dir='ltr'>contumelia</span> <span class='ocrx_word' id='word_1_229' title='bbox 390 4104 611 4192; x_wconf 79' lang='lat' dir='ltr'>affecerunt,</span> <span class='ocrx_word' id='word_1_230' title='bbox 639 4103 759 4171; x_wconf 85' lang='lat' dir='ltr'>oculis</span> <span class='ocrx_word' id='word_1_231' title='bbox 776 4125 852 4171; x_wconf 91' lang='lat' dir='ltr'>non</span> <span class='ocrx_word' id='word_1_232' title='bbox 871 4098 1062 4188; x_wconf 86' lang='lat' dir='ltr'>conspexi,</span> 
     </span>
    </p>
   </div>
   <div class='ocr_carea' id='block_1_3' title="bbox 0 0 1283 4772">
    <p class='ocr_par' dir='ltr' id='par_1_3' title="bbox 0 0 1283 4772">
     <span class='ocr_line' id='line_1_39' title="bbox 0 0 1283 4772; baseline 0 0"><span class='ocrx_word' id='word_1_233' title='bbox 0 0 1283 4772; x_wconf 95' lang='lat' dir='ltr'> </span> 
     </span>
    </p>
   </div>
  </div>
 </body>
</html>
