2508 4766
418 331 684 352 m·-

58 497 222 585 vocavit,
245 495 450 586 jussitque,
475 502 520 564 'ut
539 493 733 588 ingentem
748 515 786 569 et
802 481 1027 592 profundum

54 597 193 668 fossam
201 598 304 666 haud
316 598 450 687 procul
466 594 924 688 ariapublicaducerent3
937 623 1027 695 pau·
1059 604 1062 612 '

55 720 167 786 peres
183 699 243 768 illi
261 695 377 766 laetati
393 709 503 786 sunt,
519 699 708 786 sperantes
724 725 763 770 se
780 704 1026 774 mercede'ls·

55 799 159 866 boris
184 821 308 868 acrem
329 795 474 889 famem
497 797 757 886 aliquomodo
793 803 1027 896 exstinguere

53 921 184 988 possea
223 901 397 988 vespere,
437 915 612 986 percussa
634 898 749 989 fossa,
789 903 940 976 Svadius
962 910 1025 972 'eos

56 1021 187 1068 omnes
206 998 247 1068 in
263 1012 418 1090 parvam
433 997 619 1088 quandam
632 1000 749 1070 eedem
770 1002 894 1092 drrxit,
922 1003 1026 1073 dein-

56 1099 104 1167 de
122 1097 238 1166 aedem
255 1097 399 1184 clausit,
415 1112 453 1166 et
466 1097 697 1188 hominibus,
713 1103 778 1192 qui
790 1103 890 1174 intus
906 1108 1025 1193 erant,

56 1199 168 1268 dixit:
203 1198 394 1290 gaudeatis
416 1207 454 1264 e't
469 1198 671 1288 laetemini,
697 1201 802 1271 brevi
821 1203 923 1273 enini
940 1204 1024 1272 linis

55 1299 129 1368 erit
137 1297 297 1367 miseriae
308 1311 458 1384 vestrae,
483 1298 657 1388 proximo
674 1301 775 1372 enim
785 1323 896 1373 mane
911 1305 1025 1373 inter-

54 1397 235 1467 ficiemini
254 1409 291 1466 et
309 1397 349 1467 in
366 1399 437 1466 hac
452 1397 598 1490 ingenti
613 1398 726 1490 fossa,
750 1409 865 1494 quam
883 1404 955 1494 ipsi
972 1403 1026 1474 le·

55 1498 172 1586 cistis,
200 1497 448 1589 sepeliemini.
503 1498 600 1568 Cum
616 1523 703 1568 vero
720 1502 816 1570 hanc
834 1503 1026 1574 crudelem
1083 1547 1086 1556 =

55 1598 280 1670 sententiam
301 1597 493 1684 audirent,
528 1613 696 1671 mortem
707 1601 777 1670 sibi
799 1601 1025 1673 destinatam

55 1723 134 1768 esse
159 1721 228 1790 pro
252 1699 427 1768 mercede
447 1698 605 1786 laboris,
637 1715 850 1790 pertatem
872 1717 1024 1773 noctem

54 1801 188 1868 acerbo
212 1800 339 1868 dolore
363 1800 564 1868 lamentari
585 1801 822 1891 inceperunt.
874 1804 1037 1891 Evenit,

53 1914 97 1968 ut
113 1901 243 1972 Thorr
235 1899 355 1968 ardus
371 1899 625 1989 Christianus,
652 1902 751 1972 filins
774 1897 947 1974 deva'ris
967 1915 1024 1972 se-

52 1999 207 2113 pientis,
234 1999 366 2068 eadem
380 2012 490 2066 nocte
503 2021 571 2089 per
583 2003 836 2090 provinciam,
861 2003 1024 2097 negotiis

52 2101 101 2168 ita
122 2100 353 2188 ferentibus,
389 2098 461 2167 iter
482 2095 641 2216 faceret,
682 2102 739 2170 via
763 2105 886 2192 primo
910 2124 1025 2174 mane

52 2219 171 2292 prope
184 2201 433 2270 eamdomunr
448 2198 641 2289 ferente,
631 2220 672 2270 m
688 2223 760 2292 qua
770 2223 955 2292 pauperes
965 2203 1024 2272 rllr

51 2301 188 2372 inclusi
207 2315 330 2386 erant3
359 2302 818 2392 quorum-lamentabilem
834 2305 1023 2372 ululatum

53 2425 139 2470 cum
157 2401 369 2490 exaudiret,
397 2397 586 2491 quesivit,
611 2401 703 2491 quid
719 2425 780 2475 eos
795 2405 893 2471 male
908 2403 1022 2472 lanbe-

52 2509 130 2584 r‘et3
156 2502 389 2594 cognitane,
407 2511 471 2568 eos
485 2502 760 2572 allocutusest:
787 2493 1033 2594 paciscamur

51 2603 150 2672 inter
173 2623 262 2688 nos,
301 2601 332 2670 si
357 2623 520 2670 mecum·
541 2595 778 2686 constantin
806 2595 912 2693 quod‘
928 2602 960 2671 s'i
981 2602 1021 2672 in

52 2713 171 2774 anum
189 2703 319 2790 deum,
344 2722 459 2792 xquern
474 2721 550 2794 ego
561 2705 642 2770 colo
653 2731 673 2790 ,'
690 2705 855 2792 credere,
875 2691 1033 2794 et'quod·

51 2803 202 2890 jubebo,
226 2751 348 2872 faceia
363 2799 497 2887 velitis,
516 2823 584 2869 vos
588 2803 677 2872 hmc
685 2799 879 2888 liberabor
885 2791 1032 2876 deinde*

50 2911 177 2975 Asum
187 2901 234 2974 ad
251 2921 324 2971 me
331 2899 544 2989 concedite,
568 2901 635 2970 ubi
649 2923 716 2970 vos
730 2921 861 2975 omnes
874 2917 1019 2972 susten
1027 2906 1031 2912 '

50 3006 176 3086 tabas
202 3002 277 3074 illis
303 3025 342 3070 se
365 3001 529 3072 libenter
549 2995 714 3070 facturos
738 2991 1034 3116 pollicentibus,⁴

51 3103 291 3182 Tlrorvardrrs
317 3101 443 3170 obices
457 3099 599 3170 forium
614 3103 794 3199 removit,
823 3125 898 3191 quo
903 3093 1018 3172 facto

49 3205 105 3274 illi
123 3199 327 3274 laetabundi
343 3201 400 3270 ad
407 3202 563 3270 domurn
578 3201 658 3296 ejus
675 3208 803 3272 Asum
808 3203 921 3270 celeri
935 3219 1019 3272 cur
1026 3211 1032 3224 '

49 3323 92 3374 su
111 3303 373 3394 properabant.
430 3293 840 3394 Quassanima‘drersa,
866 3301 1035 3371 Suedius*

49 3404 153 3497 gravi
169 3403 224 3472 ira
241 3413 467 3488 commotus,
500 3421 635 3494 magna
650 3395 847 3500 eeleritate
859 3423 899 3470 se
917 3425 1019 3472 suos

49 3527 122 3594 que
148 3503 324 3590 armauit,
360 3515 398 3569 et
412 3501 632 3598 fugientes
622 3501 882 3572 rnoitatissimo
904 3493 1033 3572 curs'u’
1140 3549 1142 3556 -

49 3625 165 3694 eques
183 3601 439 3694 persequitur,
465 3615 582 3670 uteos
599 3604 914 3698 comprehensos
905 3615 1019 3671 mter
1027 3611 1033 3619 ”

48 3705 199 3788 ἧοιιιιειι
215 3703 420 3780 ,ιιιιίιιὶῑιιιιι
435 3702 888 3791 ex-parte'contumeliam,
904 3723 1018 3792 quam

49 3804 236 3894 accepisse
250 3801 320 3871 sibi
338 3803 437 3870 visus
453 3816 507 3870 est
525 3803 569 3870 ab
588 3825 652 3888 ee,
681 3804 746 3892 qui
763 3826 823 3870 eos
838 3803 1018 3872 liberave-

48 3919 125 3992 rat,
152 3899 353 3974 crudeliter
374 3901 507 3972 ulcisci
522 3901 713 3988 decrevit,
730 3901 794 3974 sed
813 3897 958 3972 malitia
980 3917 1026 3970 et·

50 4004 271 4095 improbitas
289 4026 354 4071 sua
371 4002 412 4069 in
429 4001 545 4092 ipsius
560 4015 673 4093 caput
688 4002 840 4090 recidit,
867 4003 1015 4074 namsi-

86 4134 113 4184 2.
131 4129 186 4184 vol.
712 4199 714 4203 Ι
793 4104 823 4170 0
