2502 4774
300 220 444 316 94*
789 225 897 240 ”
1097 245 1195 314 trac.

238 457 308 544 vit,
348 469 405 542 et,
435 466 483 520 ut
499 449 667 540 advenit,
691 464 851 543 utraque
870 471 986 521 manu
1002 447 1195 518 hastamin

241 581 329 626 eum
347 555 493 646 dirigit,
516 550 607 643 qui,
642 568 686 621 ut
700 567 897 643 expectare
911 573 977 641 par
991 559 1087 634 erat,
1112 549 1195 614 ceci-

240 657 313 742 dit,
338 671 423 724 tum
438 653 548 724 Ulfus
574 654 837 724 animadvertit
862 675 995 722 ursum
1014 663 1100 718 ante
1116 645 1194 714 fuis-

240 781 279 826 se
313 771 526 842 mortuum,
580 768 618 822 et
640 755 759 822 fatur:
811 776 922 824 mene
956 749 1195 818 catillamini?

240 859 321 950 quis
339 879 425 925 vero
451 870 618 924 vestrum
638 854 759 924 feram
775 849 992 924 interemit?
1042 849 1194 935 Thorer:

237 956 540 1045 hujustacinoris
556 957 662 1024 nulla
674 955 846 1047 pars‘fui,
867 949 1101 1044 ¹Sigmundus
1117 971 1194 1018 vero

238 1081 371 1128 ursum
393 1056 581 1125 interfecit
602 1055 725 1125 securi
743 1070 809 1124 tua
823 1052 993 1148 lignaria.
1046 1049 1195 1120 Paterfa-

238 1159 359 1228 milias
383 1158 567 1246 loquitur:
611 1157 683 1224 hoc
715 1177 860 1249 magnae
887 1140 1035 1222 virtuiis
1064 1148 1194 1218 facinus

240 1273 313 1342 est,
358 1259 457 1348 quod
481 1259 601 1324 multa
628 1271 730 1344 ate,
767 1252 991 1349 Sigmunde!
1028 1252 1195 1340 praeclare

238 1372 343 1452 gesta
362 1371 646 1446 consequentur.
698 1362 752 1428 Ex
768 1357 840 1426 hoc
850 1354 1025 1442 deinceps
1037 1365 1195 1442 tempore

237 1459 346 1530 Ulfus
381 1457 633 1549 Sigmundum
666 1457 707 1526 in
730 1457 875 1526 honore
904 1455 1027 1524 multo
1066 1451 1194 1538 majore

239 1582 351 1651 quam
374 1571 484 1626 antea
508 1558 653 1626 habuit·
702 1557 761 1626 Ibi
785 1556 939 1627 omnino
956 1559 1041 1638 {sex
1061 1551 1193 1620 hiemes

239 1683 327 1728 cum
347 1659 413 1728 illo
434 1658 606 1745 fuerunt,
640 1672 724 1726 tum
750 1655 977 1750 Sigmundus
1001 1665 1081 1722 erat
1094 1673 1195 1721 anno

237 1781 326 1826 rum
340 1758 565 1846 octodecim,
593 1759 742 1830 Thorer
771 1757 926 1851 viginti,
943 1767 1106 1822 attamen
1126 1753 1195 1843 sig-

237 1857 616 1946 mundushominum,
632 1857 707 1948 »qui
717 1871 800 1928 tum
810 1859 850 1927 in
869 1862 902 1928 N
906 1855 1056 1947 orvegia
1072 1857 1195 1922 florue-

236 1973 343 2045 runt,
371 1972 529 2045 statura,
564 1961 736 2027 omnihus
753 1958 919 2048 corporis
935 1953 1124 2044 animique
1140 1953 1196 2020 do·

236 2059 359 2145 tibus,
385 2072 423 2126 et
441 2060 580 2128 artium
595 2059 731 2148 peritia
744 2057 1012 2128 celeberrimus
1032 2068 1193 2122 evaserat.

325 2159 424 2249 Cap.
443 2169 512 2232 183.
566 2163 670 2232 Tum
686 2159 914 2252 Sigmundus
937 2154 1025 2227 Utfo
1044 2153 1194 2222 nutricio

237 2281 304 2327 suo
324 2260 482 2347 indicat,
514 2261 612 2329 velle
633 2259 770 2328 scinde
789 2259 995 2341 discedere,
1030 2255 1196 2346 quodUl·

236 2359 296 2430 fus
323 2360 364 2428 in
392 2361 564 2451 ipsorum
592 2359 872 2450 potestatefore
884 2359 994 2446 dixit,
1019 2355 1195 2450 (addens)

236 2459 424 2550 siquidem
445 2461 595 2550 expedit
613 2457 677 2527 vos
701 2459 742 2528 in
772 2449 897 2529 casula
920 2482 1005 2527 mea
1033 2456 1196 2526 nonnihil

235 2560 486 2644 maturuisse3
513 2573 599 2628 tum
613 2573 734 2628 vestes
750 2559 796 2628 iis
815 2559 1079 2644 conficiendae,
1106 2555 1196 2624 satis·

237 2681 310 2750 que
345 2659 473 2727 viatici
500 2660 756 2750 apparandum
788 2659 937 2730 curavit.
1004 2647 1114 2728 Ulfus
1142 2677 1196 2724 eos

236 2759 533 2849 septentrionem
568 2783 697 2828 versus
718 2781 787 2850 per
809 2774 979 2828 montem
1006 2758 1195 2830 Dofricum

237 2860 435 2928 comitatus
466 2875 522 2928 est
548 2883 755 2952 eousque,
797 2861 915 2930 donec
937 2861 979 2929 in
1003 2872 1196 2948 conspectu

237 2959 442 3029 Orkadalus
470 2976 576 3029 esset.
622 2967 712 3032 *Jam
746 2961 860 3030 domo
885 2983 949 3028 ros
974 2959 1111 3028 deduxi
1134 2959 1195 3050 (in-

235 3060 354 3151 quit),
385 3075 429 3127 ut
446 3061 542 3132 filios
558 3085 680 3150 meos,
705 3075 815 3152 atque
831 3061 919 3130 hinc
937 3062 1120 3143 revertar,
1141 3083 1194 3128 an·

234 3174 273 3228 te
295 3185 383 3228 vero
411 3185 523 3252 quarn
548 3162 822 3254 digrediamur,
848 3161 1075 3249 residamus,
1104 3181 1195 3228 nunc

235 3261 337 3333 enim
361 3261 412 3330 sic
434 3285 472 3331 se
490 3283 549 3331 res
561 3263 693 3351 habet,
719 3275 764 3328 ut
779 3261 882 3348 haud
900 3263 982 3330 leve
997 3261 1095 3329 mihi
1112 3259 1195 3327 desi·

154 3425 157 3432 .
235 3361 383 3429 derium
400 3361 556 3432 facessat
576 3362 757 3431 discessus
768 3375 900 3448 vester,
926 3376 1195 3430 verumtamen

233 3459 382 3528 feminis
400 3465 560 3554 gravius.
614 3463 714 3532 Scire
729 3457 831 3532 nunc
849 3462 974 3554 cupio,
1003 3485 1096 3552 quos
1117 3461 1194 3528 edu·

235 3561 371 3630 candos
389 3566 634 3653 susceperim,
658 3565 711 3632 ita
728 3575 772 3630 ut
788 3563 884 3630 mihi
899 3584 1018 3655 genus
1037 3575 1195 3632 vestrum

235 3676 274 3729 et
290 3663 454 3750 natales,
491 3664 702 3755 quibusque
720 3664 825 3752 fatis,
865 3677 1069 3754 antequam
1082 3663 1194 3732 adme

234 3761 414 3848 venistis,
432 3765 491 3832 usi
508 3765 604 3851 sitis,
629 3765 814 3834 indicetis.
868 3763 931 3832 Illi
954 3783 1074 3855 genus
1091 3783 1194 3830 suum

233 3863 450 3952 natalesque
474 3879 647 3951 accurate
669 3865 858 3952 indicant,
891 3878 930 3933 et
947 3865 1135 3956 quomodo
1157 3881 1194 3928 ex

233 3963 464 4052 possessione
490 3981 527 4034 et
551 3963 673 4058 patria
697 3967 842 4062 erpulsi
857 3965 951 4048 sint,
983 3987 1086 4034 nunc
1103 3985 1193 4046 vero,

233 4063 404 4132 alumne!
437 4067 612 4136 volumus
634 4066 704 4157 (ait¹
726 4065 990 4160 Sigmundus),
1023 4079 1068 4134 ut
1096 4062 1193 4136 nobis
