2502 4774
73 313 196 382 2040·
440 307 705 348 'm'-
803 331 807 346 .

440 361 704 374 m-

302 521 413 592 Mors
433 521 604 615 Eyviodt'
624 520 847 611 Kiunrifoe.·
886 554 889 562 ,

186 619 273 710 Cap.
292 627 363 695 204.
416 621 488 692 Sed
511 643 575 707 eo,
613 621 714 690 unde
737 619 899 688 narratio
923 619 1049 688 derer-

73 733 202 808 terat,
247 723 502 806 redeundum,
545 721 678 790 fratres
705 743 842 811 nempe
870 721 1047 812 Halogos,
1080 770 1084 784 .

77 820 292 913 Sigurdur'n
316 835 353 889 et
371 822 569 909 Haukurn,
596 822 757 890 ·vincula
778 834 816 888 et
839 819 1049 889 custodiam

77 921 194 988 Olavi
218 921 316 1014 regis
331 923 502 1013 elapsos,
532 921 708 988 <hiemem
725 921 833 1011 apud
854 919 1048 990 Harekum

78 1019 136 1088 de
166 1021 319 1106 Thjotta
345 1023 586 1115 transegisse,
622 1018 826 1090 liberaliter
859 1033 1047 1088 tractatos

78 1119 231 1189 Accidit
256 1120 314 1189 die
336 1123 500 1212 quodam
531 1121 718 1210 sequentis
742 1121 856 1210 veris,
897 1119 1048 1212 egregia

79 1218 173 1286 coeli
199 1233 440 1311 tempestate,
488 1243 575 1290 cum
601 1221 774 1291 Harekus
806 1219 908 1288 domi
940 1233 1046 1306 esset,

77 1319 273 1410 plerisque
288 1320 499 1389 domesticis
513 1321 704 1413 digressis,
744 1333 787 1387 ut
809 1343 898 1387 eum
911 1319 1048 1386 tristio-

74 1418 138 1486 ris
155 1418 254 1486 domi
269 1421 408 1488 silentii
424 1420 651 1504 distaederet5
676 1420 808 1488 fratres
816 1431 944 1488 autem
960 1441 1050 1486 eum

78 1539 233 1608 semper
263 1519 430 1588 comitati
463 1536 559 1589 sunt.
613 1525 720 1592 Tum¹
750 1517 928 1611 Sigurdus
960 1541 1049 1586 eum

78 1618 353 1712 interrogavit,
388 1641 436 1690 an
461 1623 575 1690 vellet
598 1621 656 1687 sui
676 1618 896 1688 “oblectandi
927 1617 1050 1710 gratia

82 1718 450 1808 aliquoconcedere.
505 1721 633 1790 Libuit
654 1720 694 1788 id
718 1719 879 1790 Hareko.
931 1717 1049 1788 Dein-

83 1818 131 1886 de
151 1818 199 1886 ad
211 1817 317 1888 littus
340 1820 638 1910 descendentes,
663 1821 836 1913 cymbam
858 1841 922 1887 sex
947 1829 1048 1884 tran-

83 1931 254 1986 strorum·
269 1920 483 2005 deducunt,
528 1919 754 2014 Sigurdus·e
776 1919 899 2009 natali
921 1918 1050 1986 velum

82 2017 228 2108 aliaqve
243 2021 346 2088 navis
362 2025 590 2090 armamenta
609 2019 832 2110 depromsit,
855 2041 938 2108 quae
953 2037 1049 2106 saepe

77 2117 263 2186 “adhibere
280 2133 553 2209 consveverant,
578 2121 646 2189 etsi
663 2119 765 2199 haud
779 2119 915 2209 procul
932 2113 1049 2185 animi

84 2239 194 2286 causa
206 2221 540 2308 proficiscerentur.
586 2219 757 2290 Harekus
772 2219 947 2310 cymbam
962 2237 1049 2283 con-

82 2317 263 2388 scendens
279 2319 577 2414 gubernaculum
593 2319 740 2410 aptavit.
778 2316 959 2410 sigardus
975 2313 1049 2381 fra-
1138 2403 1141 2409 Ι

82 2431 216 2507 terque
234 2421 501 2513 ejuspanop‘lia
511 2435 616 2488 erant
629 2415 774 2504 armati,
789 2441 861 2508 qua
876 2413 1049 2484 instructi

84 2517 252 2610 quotidie
262 2520 363 2588 domi
373 2519 472 2611 apud
482 2521 620 2588 herum
629 2521 683 2588 ire
696 2517 796 2586 soliti
810 2529 931 2600 erent3
945 2514 1049 2606 prius

82 2641 172 2687 vero
190 2643 304 2710 quarn
318 2621 513 2714 navigium
531 2619 839 2706 conscenderent,
866 2615 1050 2699 nonnulla

83 2721 250 2808 vascula,
284 2722 420 2812 b'utyro
434 2722 563 2812 plena,
597 2720 863 2808 calathumque
881 2738 978 2808 pane
992 2737 1049 2782 re-

82 2819 247 2908 pletum,
290 2835 328 2888 et
349 2823 546 2913 ingentem
572 2818 757 2888 cerevisiae
781 2837 916 2906 cupam
931 2815 965 2883 ei
980 2814 1048 2882 irn-

82 2933 301 3007 posuerunt.
367 2921 541 2991 Harekus
578 2919 721 2987 interea
754 2917 881 2986 sedem
907 2913 978 2983 sibi
1008 2913 1049 2981 in

83 3018 205 3108 puppi
223 3021 441 3110 apparabat,
470 3043 600 3111 quare,
628 3018 720 3108 quid
732 3015 864 3085 fratres
881 3025 1047 3107 agerent,

82 3137 162 3185 non
179 3119 448 3190 animadvertit.
501 3119 648 3192 Deinde
658 3141 683 3184 'a
696 3117 822 3186 littore
848 3114 1047 3205 remigant,

83 3217 163 3286 leni
180 3233 289 3287 vento
308 3222 420 3302 borea
438 3221 617 3311 spirante,
644 3217 801 3306 mitique
816 3216 929 3298 coelo,
962 3234 1050 3279 curn

82 3339 173 3384 vero
191 3317 293 3390 haud
309 3323 442 3408 procul
462 3322 507 3388 ab
526 3319 647 3388 insula
664 3317 758 3386 vecti
780 3327 897 3404 erant,
923 3313 1050 3380 velum

82 3418 242 3506 tollunt,
281 3421 431 3488 Hareko
446 3421 700 3512 gubernante3
738 3429 852 3505 atque
875 3413 927 3481 sic
945 3410 1051 3480 brevi

84 3517 234 3608 longius
263 3518 307 3586 ab
329 3521 453 3588 insula
468 3519 636 3610 provecti
657 3531 753 3586 sunt.
805 3513 955 3586 Deinde
976 3510 1050 3578 fra-

83 3630 160 3683 tres
169 3619 375 3708 Harekum,
401 3619 442 3688 in
451 3619 570 3710 puppi
589 3619 794 3706 sedentem,
821 3614 1049 3696 accedentes,

86 3733 277 3807 quaerunt,
313 3739 388 3810 quo
407 3719 593 3810 proficisci
615 3718 808 3810 cogitaret.
863 3713 933 3782 Ille
950 3733 989 3778 se
1004 3707 1051 3777 ad

84 3817 296 3906 proximam
311 3819 475 3890 insulam
492 3817 759 3887 oblectamenti
773 3811 1050 3909 gratianaviga-

84 3931 217 3984 turum
231 3919 400 3987 ostendit.
457 3918 649 4012 Sigurdus·
662 3917 782 3985 fatur:
816 3937 874 4000 res
889 3933 989 3981 nunc
1006 3930 1049 3976 eo

85 4019 169 4084 loco
191 4032 247 4084 est
264 4021 484 4108 constituta,
526 4018 673 4088 colone!
711 4031 754 4084 ut
774 4015 847 4112 tibi
872 4009 1049 4082 conditio-

82 4139 149 4184 nes
174 4121 367 4189 nonnullae
397 4121 472 4189 sint
499 4117 699 4211 eligendae,
741 4137 903 4207 quarum
929 4109 1051 4199 prima
