2502 4774
295 257 355 345 92
379 311 388 324 -
601 277 871 338 ==
1097 281 1156 348 182
1165 285 1193 345 o.

234 485 455 580 cogitarent.
508 483 752 581 Sigmundus,
778 511 862 582 quae
870 485 1129 582 interrogavit,
1144 510 1192 555 ac·

234 601 363 658 curate
382 588 564 678 exposuit.
600 590 730 659 Altero
742 613 853 660 mane
867 589 1049 660 Ulfuseos
1058 588 1190 656 adiens:

232 690 306 779 ita,
332 689 473 778 inquit,
498 711 558 758 res
574 689 760 780 sehabet,
788 690 889 782 quod
912 689 1009 760 mihi
1033 687 1079 758 de
1093 688 1192 756 itine-

232 789 336 860 ribus
346 788 478 857 vestris
492 789 685 879 retulistis,
711 791 812 860 unde
822 791 995 884 intelligo
1010 813 1074 859 vos
1085 803 1191 857 trans·

233 911 358 960 versos
387 911 408 956 a
433 889 515 958 loco
539 891 724 962 destinato
745 892 880 986 viaque
900 890 1053 984 publica
1077 904 1190 974 actos,

232 989 324 1062 binc
346 1011 434 1060 vero
452 998 492 1060 iu
510 1013 641 1062 ornnes
656 1005 781 1084 partes
800 993 847 1064 ad
860 1006 1003 1061 tractus
1017 989 1190 1060 habitatos

232 1090 485 1184 longinquum
502 1091 575 1160 iter
592 1106 670 1178 est,
696 1113 831 1184 quare,
864 1093 1040 1162 evadente
1065 1103 1190 1160 matre-

231 1189 409 1278 familias,
445 1194 660 1264 consultum
688 1194 805 1283 duco,
844 1207 889 1264 ut
914 1194 1003 1264 heic
1031 1192 1190 1263 hiemem

232 1289 466 1384 transigatis,
503 1293 578 1362 nisi
602 1293 708 1364 aliud
725 1295 829 1365 vobis
853 1295 987 1364 utilius
1009 1292 1188 1373 videatur,

232 1391 298 1462 sed
311 1389 440 1461 faciles
450 1405 488 1460 at
499 1395 950 1484 promtosmatrifamilias
965 1391 1189 1484 vospraebea·

231 1493 304 1582 tis,
328 1491 463 1581 velim,
489 1495 521 1562 si
538 1493 629 1584 quid
646 1517 717 1586 ope
732 1509 854 1568 restra
871 1495 911 1564 in
930 1495 987 1566 rei
1006 1491 1188 1588 familiaris

231 1591 554 1666 administratione
568 1595 794 1688 indiguerit,
831 1616 921 1668 nam
937 1595 1018 1686 ipse
1033 1588 1190 1684 quotidie

232 1691 344 1764 domo
370 1693 503 1782 abero,
528 1694 672 1768 victum
695 1695 849 1770 familie
865 1709 1074 1788 paraturus.
1135 1690 1189 1759 Illi

231 1791 370 1887 gratias
387 1789 664 1886 eihabuarunt,
693 1811 732 1865 et
744 1797 846 1888 quod
863 1795 1070 1883 obtulisset,
1095 1794 1189 1862 laetos
1236 1859 1237 1872 ,

231 1893 402 1984 πείρετε
416 1913 454 1961 se
467 1893 654 1966 dixerunt.
692 1897 871 1972 Hiemem
887 1894 942 1965 ibi
956 1906 1189 1988 peregerunt,
1236 1903 1237 1932 l

229 1991 441 2063 liberaliter
462 1993 593 2065 habiti.
655 1992 763 2067 Brevi
777 1997 913 2066 amoris
928 1997 1083 2066 allectus
1099 1995 1190 2062 inter

230 2093 480 2186 Sigmundum
499 2109 538 2165 et
551 2095 668 2166 filiam
682 2097 847 2167 familias
866 2098 1075 2168 coalescens
1090 2117 1190 2185 appa·

231 2194 327 2277 ruit,
346 2192 389 2262 hi
400 2193 621 2284 saepiuscule
631 2217 820 2268 sermones
830 2197 1086 2286 conserebant,
1100 2191 1190 2285 quod

229 2307 336 2386 pater
358 2305 396 2361 et
415 2310 535 2367 mater
559 2297 716 2366 minime
739 2297 1028 2388 prohibuerunt.
1090 2301 1188 2380 Vere,

230 2395 298 2464 sub
313 2392 467 2464 initium
482 2397 627 2486 aestatis,
654 2395 763 2468 Ullus
772 2421 833 2467 eos
845 2397 1006 2468 adlatus:
1033 2402 1187 2482 iamvos,

227 2493 373 2586 inquit,
399 2494 566 2566 hiemem
583 2493 667 2566 heic
682 2499 933 2592 transegistis,
967 2517 1106 2590 vosque
1128 2517 1187 2564 no-

228 2593 285 2662 bis
300 2595 398 2665 bene
412 2595 657 2686 probavistis,
708 2619 811 2670 nunc
826 2599 929 2668 vobis
945 2620 1013 2690 per
1030 2621 1090 2669 me
1109 2596 1187 2664 lice-

228 2692 286 2764 bit
297 2691 360 2764 hic
379 2689 521 2766 diutius
536 2717 709 2786 manera,
736 2713 848 2790 atque
870 2713 1103 2793 exspectare,
1137 2716 1187 2762 ec·

229 2791 320 2884 quid
334 2792 473 2864 virium
487 2795 719 2869 incrementa
737 2799 932 2894 ceperitis,
965 2799 1038 2871 nisi
1055 2797 1125 2868 alia
1137 2817 1186 2862 ra-

227 2891 280 2962 tio
295 2893 398 2962 vobis
418 2895 538 2988 magis
554 2898 734 2982 arrideat;
760 2899 799 2968 id
819 2923 906 2970 vero
920 2922 983 2968 vos
997 2895 1187 2990 praemori·

228 3003 286 3061 tos
307 2993 441 3086 velim,
468 3009 512 3063 ut
527 3019 576 3070 ne
591 2999 870 3090 curiosiusque
889 3001 1137 3072 ambulatores
1147 2996 1187 3064 si·
1237 3031 1238 3086 t

227 3093 294 3185 tis,
326 3093 507 3186 siquando
534 3095 645 3169 domo
668 3098 844 3184 abfuero;
877 3101 1041 3173 maxima
1070 3113 1186 3170 tamen

228 3193 352 3264 cautio
377 3209 451 3286 est,
476 3219 525 3265 ne
545 3198 695 3287 quando
714 3200 857 3291 sylvam
881 3224 902 3274 a
924 3199 1038 3270 borea
1061 3199 1186 3271 aediurn

133 3333 137 3358 1
228 3294 338 3364 sitam
352 3293 626 3388 ingrediamini.
664 3299 726 3367 Illi
742 3301 916 3370 lubenter
932 3301 1056 3372 oblata
1069 3317 1186 3386 accep-

227 3393 365 3462 tabant.
417 3395 689 3466 Paterfamilias
703 3417 800 3490 saepe
816 3401 886 3470 hac
903 3415 1029 3471 aestate
1045 3397 1145 3472 domi
1153 3419 1185 3462 se

227 3492 465 3584 continebat,
492 3517 628 3586 eosque
644 3519 836 3569 armorum
852 3501 1130 3574 tractandorum
1139 3519 1186 3566 ar·

226 3607 324 3683 tarn,
350 3594 536 3680 jaculandi
555 3598 743 3692 nandique
758 3602 952 3692 peritiam,
979 3615 1187 3690 ceterasque

227 3707 324 3764 artes
348 3694 519 3781 edocuit,
553 3719 668 3788 quem
691 3723 782 3770 mox
807 3704 847 3770 in
865 3703 1036 3772 omnibus
1052 3701 1185 3770 artibus

228 3795 586 3868 excellentissimum
605 3821 683 3867 esse
701 3799 983 3895 intelligebant,
1009 3803 1084 3872 fuit
1105 3821 1186 3892 quo-

229 3917 302 3986 que
325 3917 401 3964 non
423 3897 546 3966 minus
567 3901 793 3988 proceritate
817 3926 929 3993 quam
949 3905 1084 3972 robore
1109 3923 1186 3970 con·

228 3995 388 4086 spicuus.
417 3995 515 4062 Cum
529 4020 616 4068 vero
627 4002 776 4095 cognati
789 4001 843 4070 ibi
858 4018 934 4071 tres
952 4003 1099 4076 hiemes
1110 4021 1186 4093 ege-

227 4111 329 4184 rant,
356 4095 416 4166 die
430 4097 590 4186 quodam
605 4103 758 4192 estatis,
786 4125 872 4173 oum
882 4104 992 4175 Ullus
1009 4105 1121 4186 domo
1132 4101 1185 4170 ab·
