2502 4774
345 249 431 338 102
614 271 889 304 ’““““·““
1134 274 1233 342 1850.

276 478 349 566 ris,
384 496 547 568 quorum
569 473 726 545 facultas
749 489 847 564 erat,
882 477 1004 568 prima
1028 486 1142 546 nocte
1159 494 1233 564 pro·

276 577 387 666 fecti,
440 578 508 645 sub
536 576 746 645 diluculum
775 575 978 670 Skufeyam
1004 574 1229 666 perveniunt.

271 677 449 770 'Skufeyae
468 675 560 745 situs
575 677 659 744 talis
675 691 748 764 est,
775 691 819 745 ut
831 677 942 746 unica
954 675 1231 746 tantumsemita

179 800 184 808 ·
270 778 372 847 ‘adiri
384 777 522 868 possit,
549 777 706 868 quamsi
718 775 930 870 vigintiviri
942 791 1135 863 tueantur,
1148 798 1230 844 nun·

278 899 392 969 quam
416 877 470 946 ita
488 877 602 946 multi
615 877 776 945 insulam
792 876 950 965 adeunt,
977 890 1020 944 ut
1035 874 1230 966 expugnari

271 990 401 1068 queat.
454 977 681 1070 Sigmundus
702 999 790 1046 cum
808 976 922 1066 copiis
940 978 1070 1045 statim
1086 976 1130 1044 in
1142 975 1228 1042 insu-

269 1077 355 1146 'lam
379 1077 564 1164 escendit,
603 1076 718 1144 nullis
743 1075 999 1146 defensoribus
1022 1075 1169 1144 aditum
1184 1088 1228 1144 te-

270 1177 473 1261 uentibus,
518 1199 607 1244 cum
633 1199 721 1244 vero
752 1178 798 1245 ad
824 1177 953 1246 villam
970 1175 1226 1288 pervenissent,
1245 1179 1246 1186 ’

275 1277 353 1362 jam
372 1267 487 1346 Ossur
502 1299 588 1346 cum
603 1276 757 1368 triginta
775 1277 861 1344 viris
882 1277 1165 1348 munimentum
1180 1297 1227 1341 oc-

267 1392 485 1490 'cupaverat
541 1329 676 1446 Ossur
672 1375 859 1466 quaesivit,
892 1377 1046 1466 quinam
1060 1388 1181 1444 essent
1194 1372 1226 1440 hi

267 1476 366 1564 riri,
394 1477 459 1567 qui
480 1475 723 1545 advenissent
787 1476 1015 1576 Sigmundus
1045 1499 1158 1544 suum
1176 1497 1225 1564 pa·

270 1576 418 1667 trisque
436 1597 575 1646 nomen
588 1575 715 1644 edidit.
781 1581 883 1647 Tum
906 1566 1039 1646 Ossur:
1077 1573 1224 1666 putabis,

266 1678 405 1765 credo,
431 1691 470 1745 te
487 1699 563 1744 non
581 1677 661 1744 sine
678 1698 788 1744 causa
810 1677 885 1744 huc
907 1675 1090 1760 adfuisse,
1116 1673 1225 1766 pacifi-

275 1775 461 1845 cationem
470 1777 539 1844 tibi
550 1797 595 1844 ex
606 1789 804 1866 meaparte
814 1777 948 1844 offerre
962 1779 1059 1864 volo,
1088 1801 1132 1844 ea
1145 1777 1224 1866 lege,

267 1889 319 1944 *ut
339 1876 473 1966 optimi
488 1874 578 1963 viri,
600 1875 666 1966 qui
685 1875 747 1944 hic
764 1875 805 1944 in
821 1875 953 1944 insulis
966 1891 1075 1964 sunt,
1104 1876 1149 1944 de
1161 1897 1225 1942 om-

266 1975 383 2044 nibus
396 1975 506 2043 rebus
520 1975 654 2044 nostris
665 1973 846 2044 decidant.
900 1977 1012 2048 Nulla
1029 1975 1166 2046 conflet
1174 1997 1224 2064 pa

274 2074 452 2162 cificatio,
476 2076 529 2142 ait
543 2073 791 2188 Sigmuudps,
824 2075 897 2144 nisi
913 2077 989 2145 mei
1007 2077 1126 2168 ipsius
1144 2074 1224 2144 arbi-

265 2174 348 2242 ·trio
362 2197 443 2244 rem
459 2175 664 2266 permittas.
719 2166 835 2246 (issar
847 2177 886 2244 id
900 2179 1089 2266 extemplo
1107 2198 1224 2268 perne

265 2274 385 2368 'gavit
439 2275 686 2388 Sigmundus,
705 2277 779 2344 suis
798 2275 1079 2346 munimentum
1097 2296 1224 2370 oppug-

272 2397 363 2443 nare
379 2375 507 2464 jussis,
527 2375 607 2465 ipse
621 2377 720 2444 solus
740 2375 945 2444 secundum
958 2378 1224 2446 munimentum

260 2475 532 2567 progrediens,
565 2496 663 2564 pone
684 2475 778 2544 aedes
797 2475 968 2563 secessit,
996 2477 1096 2568 quod
1114 2475 1223 2546 muni-

263 2589 445 2642 ·mentum
458 2588 629 2644 tenentes
643 2598 718 2646 non
727 2575 1089 2660 animadverterunt,
1117 2597 1223 2644 acces-

263 2673 320 2741 ·sit
338 2673 465 2742 locum
485 2673 686 2764 quendam,
710 2675 775 2744 ubi
794 2695 908 2768 agger
924 2675 1151 2746 munimenti
1162 2675 1223 2744 exi-

263 2789 388 2864 ‘guam
409 2773 560 2843 ruinam
573 2773 749 2863 dederat,
783 2798 864 2864 quae
883 2776 1027 2846 aditum
1044 2778 1223 2868 aliquanto

269 2871 498 2961 faciliorem,
525 2897 638 2964 quam
655 2876 757 2964 alibi,
784 2875 953 2966 praebuit.
1008 2877 1222 2970 Sigmundus

265 2995 387 3040 *mauu
405 2973 572 3066 gestabat
589 2976 753 3046 securim
775 2975 1086 3067 inargentatam,
1103 3001 1221 3048 comu-

260 3072 338 3140 ·bus
357 3074 565 3142 extantibus
581 3075 766 3162 redunciS,
794 3077 915 3164 capite
933 3077 1093 3169 galeam,
1109 3075 1220 3170 gladio
1243 3109 1244 3130 ÷

261 3172 436 3258 cinctus,
469 3173 500 3242 is
528 3199 548 3242 a
568 3175 804 3244 munimento
827 3178 1026 3264 paululum
1046 3176 1219 3259 abscessit,

261 3272 404 3341 ¹¹deinde
418 3275 605 3342 curriculo
617 3274 801 3363 advolans,
828 3290 906 3344 tam
919 3279 993 3346 alte
1003 3277 1043 3346 in
1058 3298 1220 3370 aggerem

259 3373 405 3460 evasit,
443 3387 488 3438 ut
505 3396 621 3442 cornu
643 3375 782 3444 securis
800 3376 1010 3468 marginem
1025 3377 1218 3467 apprehen·

259 3470 355 3539 dere
372 3486 514 3560 posset,
541 3494 614 3564 quo
626 3474 725 3544 facto
742 3475 982 3547 manubrium
999 3477 1168 3546 manibus
1177 3477 1218 3545 le·

190 3607 193 3613 ·
259 3571 390 3662 ¹gendo
406 3572 446 3639 in
462 3593 654 3642 summum
675 3576 800 3644 evasit.
862 3577 970 3668 Quod
986 3600 1084 3646 unus
1104 3600 1149 3646 ex
1164 3567 1217 3646 (ls-

257 3671 426 3740 suriauis
444 3673 694 3765 conspicatus,
720 3676 842 3746 subito
857 3676 1005 3746 adeum
1021 3697 1215 3762 conversus,

255 3770 435 3862 gladium
451 3795 486 3840 et
475 3772 680 3860 intendit,
703 3775 958 3890 Sigmuudus
949 3791 1000 3848 1ct
1002 3801 1068 3846 um
1078 3777 1242 3870 repuli

266 3881 305 3935 et
322 3891 439 3940 cornu
462 3874 602 3940 securis
620 3875 772 3946 adverso
797 3877 944 3966 corpori
965 3877 1144 3970 impegit,
1174 3877 1242 3942 ita

256 3983 308 4035 ut
333 3972 453 4038 telum
472 3973 673 4042 visceribus
694 3977 917 4048 conderetur
935 3977 1137 4090 homoque
1146 3997 1242 4046 exa·

255 4069 377 4138 'nimis
394 4070 435 4138 in
449 4083 598 4163 tergum
612 4078 856 4144 relaberetur
910 4079 1036 4170 Quo
1004 4101 1094 4165 vrso,
1115 4068 1216 4150 Ossur
