<?xml version="1.0" encoding="UTF-8"?>
<!DOCTYPE html PUBLIC "-//W3C//DTD XHTML 1.0 Transitional//EN"
    "http://www.w3.org/TR/xhtml1/DTD/xhtml1-transitional.dtd">
<html xmlns="http://www.w3.org/1999/xhtml" xml:lang="en" lang="en">
 <head>
  <title>
</title>
<meta http-equiv="Content-Type" content="text/html;charset=utf-8" />
  <meta name='ocr-system' content='tesseract 3.04.00' />
  <meta name='ocr-capabilities' content='ocr_page ocr_carea ocr_par ocr_line ocrx_word'/>
</head>
<body>
  <div class='ocr_page' id='page_1' title='image "./scriptahistoric00unkngoog_0055.png"; bbox 0 0 2550 4772; ppageno 0'>
   <div class='ocr_carea' id='block_1_1' title="bbox 274 241 1187 346">
    <p class='ocr_par' dir='ltr' id='par_1_1' title="bbox 274 241 1187 346">
     <span class='ocr_line' id='line_1_1' title="bbox 274 241 1187 346; baseline -0.003 -22"><span class='ocrx_word' id='word_1_1' title='bbox 274 241 349 346; x_wconf 60' lang='lat' dir='ltr'><strong>uto</strong></span> <span class='ocrx_word' id='word_1_2' title='bbox 548 261 841 304; x_wconf 83' lang='lat'>.---·-</span> <span class='ocrx_word' id='word_1_3' title='bbox 1088 255 1187 326; x_wconf 79' lang='lat' dir='ltr'><strong>ttae</strong></span> 
     </span>
    </p>
   </div>
   <div class='ocr_carea' id='block_1_2' title="bbox 219 466 1223 3775">
    <p class='ocr_par' dir='ltr' id='par_1_2' title="bbox 219 466 1223 3775">
     <span class='ocr_line' id='line_1_2' title="bbox 227 466 1189 558; baseline -0.005 -13"><span class='ocrx_word' id='word_1_4' title='bbox 227 485 325 548; x_wconf 80' lang='lat' dir='ltr'><strong>erat·</strong></span> <span class='ocrx_word' id='word_1_5' title='bbox 375 471 473 542; x_wconf 87' lang='lat' dir='ltr'><strong>Cum</strong></span> <span class='ocrx_word' id='word_1_6' title='bbox 506 485 594 548; x_wconf 79' lang='lat' dir='ltr'><strong>vere</strong></span> <span class='ocrx_word' id='word_1_7' title='bbox 624 467 805 542; x_wconf 82' lang='lat' dir='ltr'><strong>Moeriarn</strong></span> <span class='ocrx_word' id='word_1_8' title='bbox 831 466 1024 558; x_wconf 80' lang='lat' dir='ltr'><strong>pervenit,</strong></span> <span class='ocrx_word' id='word_1_9' title='bbox 1045 467 1124 556; x_wconf 79' lang='lat' dir='ltr'><strong>iam</strong></span> <span class='ocrx_word' id='word_1_10' title='bbox 1140 469 1189 541; x_wconf 76' lang='lat' dir='ltr'><strong>iti</strong></span> 
     </span>
     <span class='ocr_line' id='line_1_3' title="bbox 225 567 1189 669; baseline -0.008 -25"><span class='ocrx_word' id='word_1_11' title='bbox 225 587 362 669; x_wconf 69' lang='lat' dir='ltr'><strong>praesto</strong></span> <span class='ocrx_word' id='word_1_12' title='bbox 383 567 538 642; x_wconf 73' lang='lat' dir='ltr'><strong>aderant</strong></span> <span class='ocrx_word' id='word_1_13' title='bbox 553 593 684 640; x_wconf 90' lang='lat' dir='ltr'><strong>omnes</strong></span> <span class='ocrx_word' id='word_1_14' title='bbox 706 568 975 644; x_wconf 87' lang='lat' dir='ltr'><strong>Thrandorum</strong></span> <span class='ocrx_word' id='word_1_15' title='bbox 995 569 1189 660; x_wconf 81' lang='lat' dir='ltr'>principes,</span> 
     </span>
     <span class='ocr_line' id='line_1_4' title="bbox 228 668 1190 768; baseline -0.006 -22"><span class='ocrx_word' id='word_1_16' title='bbox 228 676 295 768; x_wconf 89' lang='lat' dir='ltr'><strong>qui</strong></span> <span class='ocrx_word' id='word_1_17' title='bbox 314 689 401 742; x_wconf 91' lang='lat' dir='ltr'><strong>tum</strong></span> <span class='ocrx_word' id='word_1_18' title='bbox 414 670 577 740; x_wconf 86' lang='lat' dir='ltr'><strong>maxime</strong></span> <span class='ocrx_word' id='word_1_19' title='bbox 596 668 873 740; x_wconf 84' lang='lat' dir='ltr'><strong>christianismo</strong></span> <span class='ocrx_word' id='word_1_20' title='bbox 888 668 1190 756; x_wconf 64' lang='lat' dir='ltr'><strong>adversaturum</strong></span> 
     </span>
     <span class='ocr_line' id='line_1_5' title="bbox 228 769 1190 870; baseline -0.006 -24"><span class='ocrx_word' id='word_1_21' title='bbox 228 777 364 870; x_wconf 87' lang='lat' dir='ltr'><strong>quibus</strong></span> <span class='ocrx_word' id='word_1_22' title='bbox 389 795 429 842; x_wconf 87' lang='lat' dir='ltr'><strong>se</strong></span> <span class='ocrx_word' id='word_1_23' title='bbox 468 793 599 852; x_wconf 85' lang='lat' dir='ltr'><strong>omnes</strong></span> <span class='ocrx_word' id='word_1_24' title='bbox 629 769 761 863; x_wconf 85' lang='lat' dir='ltr'><strong>magni</strong></span> <span class='ocrx_word' id='word_1_25' title='bbox 789 769 914 842; x_wconf 86' lang='lat' dir='ltr'><strong>coloni</strong></span> <span class='ocrx_word' id='word_1_26' title='bbox 940 770 1190 860; x_wconf 84' lang='lat' dir='ltr'><strong>adjunxerant,</strong></span> 
     </span>
     <span class='ocr_line' id='line_1_6' title="bbox 230 871 1192 970; baseline -0.006 -24"><span class='ocrx_word' id='word_1_27' title='bbox 230 877 296 970; x_wconf 88' lang='lat' dir='ltr'><strong>qui</strong></span> <span class='ocrx_word' id='word_1_28' title='bbox 323 871 513 944; x_wconf 86' lang='lat' dir='ltr'><strong>sacrificiis</strong></span> <span class='ocrx_word' id='word_1_29' title='bbox 543 871 617 940; x_wconf 93' lang='lat' dir='ltr'><strong>hoc</strong></span> <span class='ocrx_word' id='word_1_30' title='bbox 638 871 681 940; x_wconf 92' lang='lat' dir='ltr'><strong>in</strong></span> <span class='ocrx_word' id='word_1_31' title='bbox 697 873 783 941; x_wconf 93' lang='lat' dir='ltr'><strong>loco</strong></span> <span class='ocrx_word' id='word_1_32' title='bbox 806 871 1037 942; x_wconf 82' lang='lat' dir='ltr'><strong>celebrandis</strong></span> <span class='ocrx_word' id='word_1_33' title='bbox 1064 872 1192 964; x_wconf 83' lang='lat' dir='ltr'><strong>invigi-</strong></span> 
     </span>
     <span class='ocr_line' id='line_1_7' title="bbox 229 973 1194 1066; baseline -0.008 -18"><span class='ocrx_word' id='word_1_34' title='bbox 229 981 309 1048; x_wconf 88' lang='lat' dir='ltr'><strong>lare</strong></span> <span class='ocrx_word' id='word_1_35' title='bbox 323 976 429 1066; x_wconf 89' lang='lat' dir='ltr'><strong>prius</strong></span> <span class='ocrx_word' id='word_1_36' title='bbox 444 985 724 1042; x_wconf 86' lang='lat' dir='ltr'><strong>consueverant.</strong></span> <span class='ocrx_word' id='word_1_37' title='bbox 775 974 863 1044; x_wconf 90' lang='lat' dir='ltr'><strong>Huc</strong></span> <span class='ocrx_word' id='word_1_38' title='bbox 877 993 966 1040; x_wconf 92' lang='lat' dir='ltr'><strong>cum</strong></span> <span class='ocrx_word' id='word_1_39' title='bbox 978 993 1115 1064; x_wconf 82' lang='lat' dir='ltr'><strong>magna</strong></span> <span class='ocrx_word' id='word_1_40' title='bbox 1132 973 1194 1042; x_wconf 88' lang='lat' dir='ltr'><strong>ho-</strong></span> 
     </span>
     <span class='ocr_line' id='line_1_8' title="bbox 230 1071 1196 1163; baseline -0.004 -17"><span class='ocrx_word' id='word_1_41' title='bbox 230 1078 380 1148; x_wconf 86' lang='lat' dir='ltr'><strong>minum</strong></span> <span class='ocrx_word' id='word_1_42' title='bbox 398 1072 605 1144; x_wconf 90' lang='lat' dir='ltr'><strong>multitudo</strong></span> <span class='ocrx_word' id='word_1_43' title='bbox 626 1071 887 1159; x_wconf 84' lang='lat' dir='ltr'><strong>confluxisset,</strong></span> <span class='ocrx_word' id='word_1_44' title='bbox 908 1093 996 1161; x_wconf 82' lang='lat' dir='ltr'><strong>rex,</strong></span> <span class='ocrx_word' id='word_1_45' title='bbox 1027 1086 1141 1163; x_wconf 79' lang='lat' dir='ltr'><strong>prout</strong></span> <span class='ocrx_word' id='word_1_46' title='bbox 1158 1074 1196 1142; x_wconf 88' lang='lat' dir='ltr'><strong>in</strong></span> 
     </span>
     <span class='ocr_line' id='line_1_9' title="bbox 234 1173 1197 1260; baseline -0.008 -12"><span class='ocrx_word' id='word_1_47' title='bbox 234 1175 398 1248; x_wconf 87' lang='lat' dir='ltr'><strong>comitiis</strong></span> <span class='ocrx_word' id='word_1_48' title='bbox 421 1173 679 1244; x_wconf 83' lang='lat' dir='ltr'><strong>Frostensibus</strong></span> <span class='ocrx_word' id='word_1_49' title='bbox 705 1185 950 1260; x_wconf 80' lang='lat' dir='ltr'><strong>convenerat,</strong></span> <span class='ocrx_word' id='word_1_50' title='bbox 983 1173 1197 1243; x_wconf 82' lang='lat' dir='ltr'><strong>concionem</strong></span> 
     </span>
     <span class='ocr_line' id='line_1_10' title="bbox 234 1272 1196 1364; baseline 0.001 -16"><span class='ocrx_word' id='word_1_51' title='bbox 234 1275 445 1363; x_wconf 87' lang='lat' dir='ltr'><strong>advocavit,</strong></span> <span class='ocrx_word' id='word_1_52' title='bbox 472 1297 587 1364; x_wconf 89' lang='lat' dir='ltr'><strong>quam</strong></span> <span class='ocrx_word' id='word_1_53' title='bbox 595 1287 754 1364; x_wconf 88' lang='lat' dir='ltr'><strong>utraque</strong></span> <span class='ocrx_word' id='word_1_54' title='bbox 770 1272 883 1340; x_wconf 84' lang='lat' dir='ltr'><strong>factio</strong></span> <span class='ocrx_word' id='word_1_55' title='bbox 897 1275 1072 1364; x_wconf 81' lang='lat' dir='ltr'><strong>panoplia</strong></span> <span class='ocrx_word' id='word_1_56' title='bbox 1085 1297 1196 1348; x_wconf 83' lang='lat' dir='ltr'><strong>arnn-¹</strong></span> 
     </span>
     <span class='ocr_line' id='line_1_11' title="bbox 234 1374 1197 1468; baseline -0.006 -20"><span class='ocrx_word' id='word_1_57' title='bbox 234 1394 273 1448; x_wconf 87' lang='lat' dir='ltr'><strong>ta</strong></span> <span class='ocrx_word' id='word_1_58' title='bbox 286 1374 548 1468; x_wconf 83' lang='lat' dir='ltr'><strong>frequentavit.</strong></span> <span class='ocrx_word' id='word_1_59' title='bbox 599 1375 727 1444; x_wconf 90' lang='lat' dir='ltr'><strong>Primo</strong></span> <span class='ocrx_word' id='word_1_60' title='bbox 743 1375 922 1464; x_wconf 86' lang='lat' dir='ltr'><strong>strepitus</strong></span> <span class='ocrx_word' id='word_1_61' title='bbox 936 1395 1122 1464; x_wconf 86' lang='lat' dir='ltr'><strong>vocesque</strong></span> <span class='ocrx_word' id='word_1_62' title='bbox 1131 1377 1197 1442; x_wconf 87' lang='lat' dir='ltr'><strong>cla-</strong></span> 
     </span>
     <span class='ocr_line' id='line_1_12' title="bbox 236 1475 1198 1566; baseline -0.004 -18"><span class='ocrx_word' id='word_1_63' title='bbox 236 1479 444 1560; x_wconf 77' lang='lat' dir='ltr'><strong>mantium5</strong></span> <span class='ocrx_word' id='word_1_64' title='bbox 482 1497 675 1564; x_wconf 87' lang='lat' dir='ltr'><strong>quaecum</strong></span> <span class='ocrx_word' id='word_1_65' title='bbox 701 1475 915 1565; x_wconf 85' lang='lat' dir='ltr'><strong>posuissent</strong></span> <span class='ocrx_word' id='word_1_66' title='bbox 935 1475 970 1566; x_wconf 87' lang='lat'><strong>¹)</strong></span> <span class='ocrx_word' id='word_1_67' title='bbox 994 1475 1198 1546; x_wconf 88' lang='lat' dir='ltr'><strong>silentium-</strong></span> 
     </span>
     <span class='ocr_line' id='line_1_13' title="bbox 237 1577 1198 1670; baseline -0.002 -24"><span class='ocrx_word' id='word_1_68' title='bbox 237 1579 469 1670; x_wconf 86' lang='lat' dir='ltr'><strong>quefactum</strong></span> <span class='ocrx_word' id='word_1_69' title='bbox 485 1588 598 1664; x_wconf 81' lang='lat' dir='ltr'><strong>esset,</strong></span> <span class='ocrx_word' id='word_1_70' title='bbox 624 1598 691 1644; x_wconf 87' lang='lat' dir='ltr'><strong>rex</strong></span> <span class='ocrx_word' id='word_1_71' title='bbox 712 1577 867 1664; x_wconf 87' lang='lat' dir='ltr'><strong>Olavus,</strong></span> <span class='ocrx_word' id='word_1_72' title='bbox 901 1589 1071 1662; x_wconf 81' lang='lat' dir='ltr'><strong>utente,</strong></span> <span class='ocrx_word' id='word_1_73' title='bbox 1105 1577 1198 1646; x_wconf 86' lang='lat' dir='ltr'><strong>colo-</strong></span> 
     </span>
     <span class='ocr_line' id='line_1_14' title="bbox 219 1676 1200 1768; baseline -0.004 -20"><span class='ocrx_word' id='word_1_74' title='bbox 219 1703 304 1760; x_wconf 84' lang='lat' dir='ltr'><strong>nos</strong></span> <span class='ocrx_word' id='word_1_75' title='bbox 327 1678 373 1746; x_wconf 90' lang='lat' dir='ltr'><strong>ad</strong></span> <span class='ocrx_word' id='word_1_76' title='bbox 392 1676 618 1768; x_wconf 81' lang='lat' dir='ltr'><strong>religionem</strong></span> <span class='ocrx_word' id='word_1_77' title='bbox 642 1676 883 1746; x_wconf 79' lang='lat' dir='ltr'><strong>christianam</strong></span> <span class='ocrx_word' id='word_1_78' title='bbox 906 1677 1200 1766; x_wconf 86' lang='lat' dir='ltr'><strong>amplectendam</strong></span> 
     </span>
     <span class='ocr_line' id='line_1_15' title="bbox 236 1775 1199 1872; baseline -0.004 -24"><span class='ocrx_word' id='word_1_79' title='bbox 236 1781 408 1848; x_wconf 88' lang='lat' dir='ltr'><strong>hortatus</strong></span> <span class='ocrx_word' id='word_1_80' title='bbox 426 1789 494 1844; x_wconf 85' lang='lat' dir='ltr'><strong>est.</strong></span> <span class='ocrx_word' id='word_1_81' title='bbox 558 1775 822 1872; x_wconf 75' lang='lat' dir='ltr'><strong>Jarnsheggius</strong></span> <span class='ocrx_word' id='word_1_82' title='bbox 842 1777 927 1866; x_wconf 80' lang='lat' dir='ltr'><strong>nic,</strong></span> <span class='ocrx_word' id='word_1_83' title='bbox 951 1791 1117 1864; x_wconf 80' lang='lat' dir='ltr'><strong>utente,</strong></span> <span class='ocrx_word' id='word_1_84' title='bbox 1145 1799 1199 1844; x_wconf 80' lang='lat' dir='ltr'><strong>co-</strong></span> 
     </span>
     <span class='ocr_line' id='line_1_16' title="bbox 238 1874 1199 1971; baseline -0.006 -23"><span class='ocrx_word' id='word_1_85' title='bbox 238 1883 415 1948; x_wconf 89' lang='lat' dir='ltr'><strong>lonorum</strong></span> <span class='ocrx_word' id='word_1_86' title='bbox 439 1874 592 1946; x_wconf 88' lang='lat' dir='ltr'><strong>nomine</strong></span> <span class='ocrx_word' id='word_1_87' title='bbox 614 1876 660 1944; x_wconf 89' lang='lat' dir='ltr'><strong>ad</strong></span> <span class='ocrx_word' id='word_1_88' title='bbox 684 1879 872 1968; x_wconf 85' lang='lat' dir='ltr'><strong>postulata</strong></span> <span class='ocrx_word' id='word_1_89' title='bbox 888 1877 988 1971; x_wconf 83' lang='lat' dir='ltr'><strong>regis</strong></span> <span class='ocrx_word' id='word_1_90' title='bbox 1004 1876 1199 1966; x_wconf 85' lang='lat' dir='ltr'><strong>responde-</strong></span> 
     </span>
     <span class='ocr_line' id='line_1_17' title="bbox 237 1975 1200 2068; baseline -0.004 -20"><span class='ocrx_word' id='word_1_91' title='bbox 237 1982 320 2068; x_wconf 85' lang='lat' dir='ltr'><strong>bat,</strong></span> <span class='ocrx_word' id='word_1_92' title='bbox 349 1977 541 2066; x_wconf 90' lang='lat' dir='ltr'><strong>inquiens:</strong></span> <span class='ocrx_word' id='word_1_93' title='bbox 567 1975 698 2046; x_wconf 87' lang='lat' dir='ltr'><strong>eadem</strong></span> <span class='ocrx_word' id='word_1_94' title='bbox 715 1977 825 2048; x_wconf 90' lang='lat' dir='ltr'><strong>nobis</strong></span> <span class='ocrx_word' id='word_1_95' title='bbox 842 1979 1005 2066; x_wconf 77' lang='lat' dir='ltr'><strong>coloniS,</strong></span> <span class='ocrx_word' id='word_1_96' title='bbox 1033 2001 1115 2068; x_wconf 85' lang='lat' dir='ltr'><strong>quae</strong></span> <span class='ocrx_word' id='word_1_97' title='bbox 1130 1977 1200 2068; x_wconf 84' lang='lat' dir='ltr'><strong>pri-</strong></span> 
     </span>
     <span class='ocr_line' id='line_1_18' title="bbox 237 2077 1202 2172; baseline -0.004 -24"><span class='ocrx_word' id='word_1_98' title='bbox 237 2103 299 2168; x_wconf 71' lang='grc' dir='ltr'><strong>ηε,</strong></span> <span class='ocrx_word' id='word_1_99' title='bbox 326 2077 510 2148; x_wconf 86' lang='lat' dir='ltr'><strong>sententia</strong></span> <span class='ocrx_word' id='word_1_100' title='bbox 531 2089 622 2164; x_wconf 85' lang='lat' dir='ltr'><strong>stat,</strong></span> <span class='ocrx_word' id='word_1_101' title='bbox 649 2091 693 2144; x_wconf 89' lang='lat' dir='ltr'><strong>ut</strong></span> <span class='ocrx_word' id='word_1_102' title='bbox 716 2077 900 2167; x_wconf 76' lang='lat' dir='ltr'><strong>nolimuS‚</strong></span> <span class='ocrx_word' id='word_1_103' title='bbox 930 2078 1014 2146; x_wconf 83' lang='lat' dir='ltr'><strong>rex!</strong></span> <span class='ocrx_word' id='word_1_104' title='bbox 1047 2091 1085 2146; x_wconf 85' lang='lat' dir='ltr'><strong>te</strong></span> <span class='ocrx_word' id='word_1_105' title='bbox 1103 2080 1202 2172; x_wconf 82' lang='lat' dir='ltr'><strong>leges</strong></span> 
     </span>
     <span class='ocr_line' id='line_1_19' title="bbox 238 2177 1202 2260; baseline -0.004 -12"><span class='ocrx_word' id='word_1_106' title='bbox 238 2181 280 2248; x_wconf 91' lang='lat' dir='ltr'><strong>in</strong></span> <span class='ocrx_word' id='word_1_107' title='bbox 298 2177 404 2248; x_wconf 86' lang='lat' dir='ltr'><strong>nobis</strong></span> <span class='ocrx_word' id='word_1_108' title='bbox 417 2177 579 2260; x_wconf 75' lang='lat' dir='ltr'><strong>violare5</strong></span> <span class='ocrx_word' id='word_1_109' title='bbox 606 2200 649 2244; x_wconf 86' lang='lat' dir='ltr'><strong>ea</strong></span> <span class='ocrx_word' id='word_1_110' title='bbox 664 2179 836 2246; x_wconf 89' lang='lat' dir='ltr'><strong>omnium</strong></span> <span class='ocrx_word' id='word_1_111' title='bbox 848 2192 1022 2248; x_wconf 88' lang='lat' dir='ltr'><strong>nostrum</strong></span> <span class='ocrx_word' id='word_1_112' title='bbox 1034 2182 1202 2247; x_wconf 86' lang='lat' dir='ltr'><strong>voluntas</strong></span> 
     </span>
     <span class='ocr_line' id='line_1_20' title="bbox 240 2277 1202 2368; baseline -0.003 -19"><span class='ocrx_word' id='word_1_113' title='bbox 240 2294 307 2368; x_wconf 82' lang='lat' dir='ltr'><strong>est,</strong></span> <span class='ocrx_word' id='word_1_114' title='bbox 323 2291 428 2365; x_wconf 86' lang='lat' dir='ltr'><strong>uttu,</strong></span> <span class='ocrx_word' id='word_1_115' title='bbox 449 2301 516 2346; x_wconf 87' lang='lat' dir='ltr'><strong>rex</strong></span> <span class='ocrx_word' id='word_1_116' title='bbox 529 2277 535 2342; x_wconf 93' lang='lat'>!</span> <span class='ocrx_word' id='word_1_117' title='bbox 548 2277 634 2344; x_wconf 88' lang='lat' dir='ltr'><strong>deos</strong></span> <span class='ocrx_word' id='word_1_118' title='bbox 653 2280 764 2366; x_wconf 78' lang='lat' dir='ltr'><strong>colas,</strong></span> <span class='ocrx_word' id='word_1_119' title='bbox 785 2279 1104 2368; x_wconf 87' lang='lat' dir='ltr'><strong>quemadmodum</strong></span> <span class='ocrx_word' id='word_1_120' title='bbox 1122 2291 1202 2349; x_wconf 84' lang='lat' dir='ltr'><strong>anta</strong></span> 
     </span>
     <span class='ocr_line' id='line_1_21' title="bbox 239 2377 1205 2468; baseline -0.001 -21"><span class='ocrx_word' id='word_1_121' title='bbox 239 2395 278 2448; x_wconf 84' lang='lat' dir='ltr'><strong>te</strong></span> <span class='ocrx_word' id='word_1_122' title='bbox 303 2380 477 2448; x_wconf 81' lang='lat' dir='ltr'><strong>fecerunt</strong></span> <span class='ocrx_word' id='word_1_123' title='bbox 506 2377 571 2444; x_wconf 87' lang='lat' dir='ltr'><strong>alii</strong></span> <span class='ocrx_word' id='word_1_124' title='bbox 604 2398 732 2468; x_wconf 75' lang='lat' dir='ltr'><strong>reges,</strong></span> <span class='ocrx_word' id='word_1_125' title='bbox 772 2379 911 2468; x_wconf 84' lang='lat' dir='ltr'><strong>aliique</strong></span> <span class='ocrx_word' id='word_1_126' title='bbox 941 2379 1205 2451; x_wconf 84' lang='lat' dir='ltr'><strong>Thrandorurn</strong></span> 
     </span>
     <span class='ocr_line' id='line_1_22' title="bbox 238 2477 1206 2572; baseline -0.003 -24"><span class='ocrx_word' id='word_1_127' title='bbox 238 2480 447 2572; x_wconf 85' lang='lat' dir='ltr'><strong>principes,</strong></span> <span class='ocrx_word' id='word_1_128' title='bbox 488 2477 690 2568; x_wconf 83' lang='lat' dir='ltr'><strong>Sigurdus,</strong></span> <span class='ocrx_word' id='word_1_129' title='bbox 737 2492 883 2570; x_wconf 88' lang='lat' dir='ltr'><strong>satrapa</strong></span> <span class='ocrx_word' id='word_1_130' title='bbox 907 2480 1129 2569; x_wconf 74' lang='lat' dir='ltr'><strong>HladensiS,</strong></span> <span class='ocrx_word' id='word_1_131' title='bbox 1170 2491 1206 2546; x_wconf 83' lang='lat' dir='ltr'><strong>et</strong></span> 
     </span>
     <span class='ocr_line' id='line_1_23' title="bbox 238 2577 1207 2670; baseline 0 -21"><span class='ocrx_word' id='word_1_132' title='bbox 238 2581 421 2654; x_wconf 86' lang='lat' dir='ltr'><strong>llakonus·</strong></span> <span class='ocrx_word' id='word_1_133' title='bbox 435 2591 598 2668; x_wconf 53' lang='lat' dir='ltr'><strong>satrapas</strong></span> <span class='ocrx_word' id='word_1_134' title='bbox 608 2577 874 2670; x_wconf 84' lang='lat' dir='ltr'><strong>quiproxirnus</strong></span> <span class='ocrx_word' id='word_1_135' title='bbox 885 2593 992 2654; x_wconf 86' lang='lat' dir='ltr'><strong>aetate</strong></span> <span class='ocrx_word' id='word_1_136' title='bbox 1006 2580 1207 2651; x_wconf 80' lang='lat' dir='ltr'><strong>maximam</strong></span> 
     </span>
     <span class='ocr_line' id='line_1_24' title="bbox 238 2677 1207 2770; baseline -0.003 -20"><span class='ocrx_word' id='word_1_137' title='bbox 238 2682 354 2764; x_wconf 81' lang='lat' dir='ltr'><strong>hujus</strong></span> <span class='ocrx_word' id='word_1_138' title='bbox 373 2677 482 2770; x_wconf 87' lang='lat' dir='ltr'><strong>regni</strong></span> <span class='ocrx_word' id='word_1_139' title='bbox 492 2690 639 2766; x_wconf 84' lang='lat' dir='ltr'><strong>partem</strong></span> <span class='ocrx_word' id='word_1_140' title='bbox 655 2680 827 2768; x_wconf 89' lang='lat' dir='ltr'><strong>tenebat,</strong></span> <span class='ocrx_word' id='word_1_141' title='bbox 855 2681 911 2750; x_wconf 91' lang='lat' dir='ltr'><strong>vir</strong></span> <span class='ocrx_word' id='word_1_142' title='bbox 928 2681 1116 2752; x_wconf 82' lang='lat' dir='ltr'><strong>excellens</strong></span> <span class='ocrx_word' id='word_1_143' title='bbox 1133 2695 1207 2748; x_wconf 88' lang='lat' dir='ltr'><strong>tam</strong></span> 
     </span>
     <span class='ocr_line' id='line_1_25' title="bbox 241 2778 1205 2871; baseline -0.004 -24"><span class='ocrx_word' id='word_1_144' title='bbox 241 2783 288 2847; x_wconf 92' lang='lat' dir='ltr'><strong>ob</strong></span> <span class='ocrx_word' id='word_1_145' title='bbox 307 2778 565 2869; x_wconf 84' lang='lat' dir='ltr'><strong>prudentiam⁷</strong></span> <span class='ocrx_word' id='word_1_146' title='bbox 599 2801 712 2866; x_wconf 82' lang='lat' dir='ltr'><strong>quam</strong></span> <span class='ocrx_word' id='word_1_147' title='bbox 730 2781 1014 2869; x_wconf 85' lang='lat' dir='ltr'><strong>strenuitatem,</strong></span> <span class='ocrx_word' id='word_1_148' title='bbox 1042 2778 1205 2871; x_wconf 88' lang='lat' dir='ltr'><strong>quamvis</strong></span> 
     </span>
     <span class='ocr_line' id='line_1_26' title="bbox 240 2879 1207 2972; baseline -0.004 -24"><span class='ocrx_word' id='word_1_149' title='bbox 240 2879 346 2971; x_wconf 81' lang='lat' dir='ltr'><strong>regio</strong></span> <span class='ocrx_word' id='word_1_150' title='bbox 377 2880 527 2948; x_wconf 87' lang='lat' dir='ltr'><strong>carebat</strong></span> <span class='ocrx_word' id='word_1_151' title='bbox 561 2879 733 2964; x_wconf 81' lang='lat' dir='ltr'><strong>nomine3</strong></span> <span class='ocrx_word' id='word_1_152' title='bbox 782 2883 890 2968; x_wconf 86' lang='lat' dir='ltr'><strong>cujus</strong></span> <span class='ocrx_word' id='word_1_153' title='bbox 913 2881 1119 2972; x_wconf 87' lang='lat' dir='ltr'><strong>imperium</strong></span> <span class='ocrx_word' id='word_1_154' title='bbox 1146 2879 1207 2948; x_wconf 90' lang='lat' dir='ltr'><strong>diu</strong></span> 
     </span>
     <span class='ocr_line' id='line_1_27' title="bbox 240 2978 1223 3074; baseline -0.002 -28"><span class='ocrx_word' id='word_1_155' title='bbox 240 2979 314 3048; x_wconf 85' lang='lat' dir='ltr'><strong>fuit</strong></span> <span class='ocrx_word' id='word_1_156' title='bbox 330 2978 555 3072; x_wconf 80' lang='lat' dir='ltr'><strong>gratiosum,</strong></span> <span class='ocrx_word' id='word_1_157' title='bbox 579 3002 702 3068; x_wconf 88' lang='lat' dir='ltr'><strong>neque</strong></span> <span class='ocrx_word' id='word_1_158' title='bbox 721 2981 752 3050; x_wconf 90' lang='lat' dir='ltr'><strong>is</strong></span> <span class='ocrx_word' id='word_1_159' title='bbox 766 2980 850 3050; x_wconf 84' lang='lat' dir='ltr'><strong>ideo</strong></span> <span class='ocrx_word' id='word_1_160' title='bbox 863 3003 980 3074; x_wconf 82' lang='lat' dir='ltr'><strong>regno</strong></span> <span class='ocrx_word' id='word_1_161' title='bbox 998 2997 1133 3050; x_wconf 86' lang='lat' dir='ltr'><strong>exutus</strong></span> <span class='ocrx_word' id='word_1_162' title='bbox 1143 2992 1205 3065; x_wconf 83' lang='lat' dir='ltr'><strong>est,</strong></span> <span class='ocrx_word' id='word_1_163' title='bbox 1221 3027 1223 3034; x_wconf 75' lang='grc'>.</span> 
     </span>
     <span class='ocr_line' id='line_1_28' title="bbox 242 3076 1206 3172; baseline -0.004 -24"><span class='ocrx_word' id='word_1_164' title='bbox 242 3079 342 3172; x_wconf 90' lang='lat' dir='ltr'><strong>quod</strong></span> <span class='ocrx_word' id='word_1_165' title='bbox 357 3080 438 3170; x_wconf 90' lang='lat' dir='ltr'><strong>ipse</strong></span> <span class='ocrx_word' id='word_1_166' title='bbox 456 3076 523 3148; x_wconf 80' lang='lat' dir='ltr'><strong>aut</strong></span> <span class='ocrx_word' id='word_1_167' title='bbox 535 3091 642 3170; x_wconf 86' lang='lat' dir='ltr'><strong>pater</strong></span> <span class='ocrx_word' id='word_1_168' title='bbox 658 3079 737 3166; x_wconf 80' lang='lat' dir='ltr'><strong>ejus</strong></span> <span class='ocrx_word' id='word_1_169' title='bbox 753 3103 796 3150; x_wconf 90' lang='lat' dir='ltr'><strong>eo</strong></span> <span class='ocrx_word' id='word_1_170' title='bbox 811 3082 957 3168; x_wconf 74' lang='lat' dir='ltr'><strong>injuriae</strong></span> <span class='ocrx_word' id='word_1_171' title='bbox 967 3080 1206 3172; x_wconf 84' lang='lat' dir='ltr'><strong>processerit,</strong></span> 
     </span>
     <span class='ocr_line' id='line_1_29' title="bbox 241 3177 1206 3271; baseline -0.004 -19"><span class='ocrx_word' id='word_1_172' title='bbox 241 3197 377 3252; x_wconf 87' lang='lat' dir='ltr'><strong>utnon</strong></span> <span class='ocrx_word' id='word_1_173' title='bbox 401 3179 537 3270; x_wconf 90' lang='lat' dir='ltr'><strong>cuique</strong></span> <span class='ocrx_word' id='word_1_174' title='bbox 561 3177 710 3268; x_wconf 83' lang='lat' dir='ltr'><strong>liceret,</strong></span> <span class='ocrx_word' id='word_1_175' title='bbox 738 3203 852 3269; x_wconf 86' lang='lat' dir='ltr'><strong>quern</strong></span> <span class='ocrx_word' id='word_1_176' title='bbox 867 3185 997 3271; x_wconf 73' lang='lat' dir='ltr'><strong>vellet,</strong></span> <span class='ocrx_word' id='word_1_177' title='bbox 1015 3183 1130 3252; x_wconf 89' lang='lat' dir='ltr'><strong>deum</strong></span> <span class='ocrx_word' id='word_1_178' title='bbox 1150 3203 1206 3248; x_wconf 89' lang='lat' dir='ltr'><strong>co-</strong></span> 
     </span>
     <span class='ocr_line' id='line_1_30' title="bbox 240 3279 1209 3358; baseline -0.003 -7"><span class='ocrx_word' id='word_1_179' title='bbox 240 3285 329 3351; x_wconf 88' lang='lat' dir='ltr'><strong>lere.</strong></span> <span class='ocrx_word' id='word_1_180' title='bbox 370 3283 477 3352; x_wconf 91' lang='lat' dir='ltr'><strong>Solus</strong></span> <span class='ocrx_word' id='word_1_181' title='bbox 496 3279 675 3352; x_wconf 85' lang='lat' dir='ltr'><strong>Hakonus</strong></span> <span class='ocrx_word' id='word_1_182' title='bbox 694 3281 918 3353; x_wconf 83' lang='lat' dir='ltr'><strong>Adalsteinis</strong></span> <span class='ocrx_word' id='word_1_183' title='bbox 935 3286 1109 3358; x_wconf 87' lang='lat' dir='ltr'><strong>alumnus</strong></span> <span class='ocrx_word' id='word_1_184' title='bbox 1131 3281 1209 3348; x_wconf 89' lang='lat' dir='ltr'><strong>haec</strong></span> 
     </span>
     <span class='ocr_line' id='line_1_31' title="bbox 245 3381 1207 3472; baseline 0 -24"><span class='ocrx_word' id='word_1_185' title='bbox 245 3382 375 3450; x_wconf 87' lang='lat' dir='ltr'><strong>eadem</strong></span> <span class='ocrx_word' id='word_1_186' title='bbox 388 3381 581 3470; x_wconf 85' lang='lat' dir='ltr'><strong>postulare</strong></span> <span class='ocrx_word' id='word_1_187' title='bbox 601 3381 767 3469; x_wconf 85' lang='lat' dir='ltr'><strong>occepit,</strong></span> <span class='ocrx_word' id='word_1_188' title='bbox 795 3405 910 3472; x_wconf 88' lang='lat' dir='ltr'><strong>quare</strong></span> <span class='ocrx_word' id='word_1_189' title='bbox 929 3383 1099 3454; x_wconf 88' lang='lat' dir='ltr'><strong>Thrandi</strong></span> <span class='ocrx_word' id='word_1_190' title='bbox 1119 3383 1207 3450; x_wconf 90' lang='lat' dir='ltr'><strong>adeo</strong></span> 
     </span>
     <span class='ocr_line' id='line_1_32' title="bbox 246 3481 1208 3572; baseline 0.002 -24"><span class='ocrx_word' id='word_1_191' title='bbox 246 3481 459 3548; x_wconf 86' lang='lat' dir='ltr'><strong>exacerbati</strong></span> <span class='ocrx_word' id='word_1_192' title='bbox 473 3493 578 3568; x_wconf 78' lang='lat' dir='ltr'><strong>sunt,</strong></span> <span class='ocrx_word' id='word_1_193' title='bbox 606 3493 649 3546; x_wconf 90' lang='lat' dir='ltr'><strong>ut</strong></span> <span class='ocrx_word' id='word_1_194' title='bbox 663 3503 748 3572; x_wconf 73' lang='lat' dir='ltr'><strong>ren,</strong></span> <span class='ocrx_word' id='word_1_195' title='bbox 782 3483 897 3552; x_wconf 87' lang='lat' dir='ltr'><strong>vitam</strong></span> <span class='ocrx_word' id='word_1_196' title='bbox 918 3483 997 3554; x_wconf 84' lang='lat' dir='ltr'><strong>sibi</strong></span> <span class='ocrx_word' id='word_1_197' title='bbox 1013 3485 1139 3552; x_wconf 86' lang='lat' dir='ltr'><strong>minus</strong></span> <span class='ocrx_word' id='word_1_198' title='bbox 1152 3495 1208 3550; x_wconf 87' lang='lat' dir='ltr'><strong>tu·</strong></span> 
     </span>
     <span class='ocr_line' id='line_1_33' title="bbox 243 3579 1207 3674; baseline 0 -27"><span class='ocrx_word' id='word_1_199' title='bbox 243 3596 323 3650; x_wconf 88' lang='lat' dir='ltr'><strong>tam</strong></span> <span class='ocrx_word' id='word_1_200' title='bbox 352 3579 440 3648; x_wconf 85' lang='lat' dir='ltr'><strong>fore&#39;</strong></span> <span class='ocrx_word' id='word_1_201' title='bbox 456 3580 697 3672; x_wconf 77' lang='lat' dir='ltr'><strong>intelligenS‚</strong></span> <span class='ocrx_word' id='word_1_202' title='bbox 749 3581 780 3649; x_wconf 89' lang='lat' dir='ltr'><strong>si</strong></span> <span class='ocrx_word' id='word_1_203' title='bbox 799 3583 841 3652; x_wconf 92' lang='lat' dir='ltr'><strong>in</strong></span> <span class='ocrx_word' id='word_1_204' title='bbox 868 3607 912 3653; x_wconf 92' lang='lat' dir='ltr'><strong>eo</strong></span> <span class='ocrx_word' id='word_1_205' title='bbox 943 3596 1207 3674; x_wconf 78' lang='lat' dir='ltr'><strong>perseveraret⁷</strong></span> 
     </span>
     <span class='ocr_line' id='line_1_34' title="bbox 245 3675 1210 3775; baseline 0.002 -26"><span class='ocrx_word' id='word_1_206' title='bbox 245 3681 408 3750; x_wconf 87' lang='lat' dir='ltr'><strong>consiliis</strong></span> <span class='ocrx_word' id='word_1_207' title='bbox 424 3675 574 3773; x_wconf 79' lang='lat' dir='ltr'><strong>Sigurdi</strong></span> <span class='ocrx_word' id='word_1_208' title='bbox 585 3695 740 3771; x_wconf 82' lang='lat' dir='ltr'><strong>satrapae</strong></span> <span class='ocrx_word' id='word_1_209' title='bbox 751 3681 987 3775; x_wconf 84' lang='lat' dir='ltr'><strong>aliorumque</strong></span> <span class='ocrx_word' id='word_1_210' title='bbox 1006 3684 1210 3753; x_wconf 86' lang='lat' dir='ltr'><strong>amicorum</strong></span> 
     </span>
    </p>
   </div>
   <div class='ocr_carea' id='block_1_3' title="bbox 244 3781 1209 3877">
    <p class='ocr_par' dir='ltr' id='par_1_3' title="bbox 244 3781 1209 3877">
     <span class='ocr_line' id='line_1_35' title="bbox 244 3781 1209 3877; baseline -0.001 -27"><span class='ocrx_word' id='word_1_211' title='bbox 244 3796 386 3871; x_wconf 73' lang='lat' dir='ltr'><strong>motin,</strong></span> <span class='ocrx_word' id='word_1_212' title='bbox 411 3781 649 3851; x_wconf 87' lang='lat' dir='ltr'><strong>multitudini</strong></span> <span class='ocrx_word' id='word_1_213' title='bbox 668 3782 880 3855; x_wconf 85' lang='lat' dir='ltr'><strong>cedendum</strong></span> <span class='ocrx_word' id='word_1_214' title='bbox 899 3791 1073 3876; x_wconf 75' lang='lat' dir='ltr'><strong>putaret5</strong></span> <span class='ocrx_word' id='word_1_215' title='bbox 1101 3805 1209 3877; x_wconf 80' lang='lat' dir='ltr'><strong>qnare</strong></span> 
     </span>
    </p>
   </div>
   <div class='ocr_carea' id='block_1_4' title="bbox 247 3993 1209 4180">
    <p class='ocr_par' dir='ltr' id='par_1_4' title="bbox 247 3993 1209 4180">
     <span class='ocr_line' id='line_1_36' title="bbox 247 3993 1209 4098; baseline 0.012 -36"><span class='ocrx_word' id='word_1_216' title='bbox 247 4012 271 4080; x_wconf 89' lang='lat'><strong>¹)</strong></span> <span class='ocrx_word' id='word_1_217' title='bbox 280 4010 422 4082; x_wconf 66' lang='lat' dir='ltr'><strong>sslitladr&#39;st]</strong></span> <span class='ocrx_word' id='word_1_218' title='bbox 433 3993 448 4076; x_wconf 32' lang='lat'><strong>‚⁴</strong></span> <span class='ocrx_word' id='word_1_219' title='bbox 458 4009 578 4098; x_wconf 63' lang='lat' dir='ltr'><strong>ternodi,</strong></span> <span class='ocrx_word' id='word_1_220' title='bbox 603 4015 695 4068; x_wconf 84' lang='lat' dir='ltr'><strong>eodem</strong></span> <span class='ocrx_word' id='word_1_221' title='bbox 710 4035 785 4070; x_wconf 82' lang='lat' dir='ltr'><strong>sensu</strong></span> <span class='ocrx_word' id='word_1_222' title='bbox 798 4018 829 4068; x_wconf 84' lang='lat' dir='ltr'><strong>F.</strong></span> <span class='ocrx_word' id='word_1_223' title='bbox 847 4015 877 4071; x_wconf 82' lang='lat' dir='ltr'><strong>G·</strong></span> <span class='ocrx_word' id='word_1_224' title='bbox 890 4035 978 4087; x_wconf 71' lang='lat' dir='ltr'><strong>propr·</strong></span> <span class='ocrx_word' id='word_1_225' title='bbox 998 3999 1139 4082; x_wconf 63' lang='lat' dir='ltr'><strong>subdidere,</strong></span> <span class='ocrx_word' id='word_1_226' title='bbox 1155 4028 1209 4086; x_wconf 72' lang='lat' dir='ltr'><strong>q¹1ae</strong></span> 
     </span>
     <span class='ocr_line' id='line_1_37' title="bbox 281 4103 835 4180; baseline 0.009 -26"><span class='ocrx_word' id='word_1_227' title='bbox 281 4106 463 4180; x_wconf 29' lang='lat' dir='ltr'><strong>vox&#39;occurrit</strong></span> <span class='ocrx_word' id='word_1_228' title='bbox 481 4103 574 4153; x_wconf 83' lang='lat' dir='ltr'><strong>Finnh.</strong></span> <span class='ocrx_word' id='word_1_229' title='bbox 592 4107 649 4156; x_wconf 86' lang='lat' dir='ltr'><strong>rob.</strong></span> <span class='ocrx_word' id='word_1_230' title='bbox 667 4108 726 4160; x_wconf 73' lang='lat' dir='ltr'><strong>hist·</strong></span> <span class='ocrx_word' id='word_1_231' title='bbox 747 4128 770 4160; x_wconf 83' lang='lat' dir='ltr'><strong>c·</strong></span> <span class='ocrx_word' id='word_1_232' title='bbox 790 4107 835 4161; x_wconf 78' lang='lat'><strong>34.</strong></span> 
     </span>
    </p>
   </div>
   <div class='ocr_carea' id='block_1_5' title="bbox 0 0 1299 4772">
    <p class='ocr_par' dir='ltr' id='par_1_5' title="bbox 0 0 1299 4772">
     <span class='ocr_line' id='line_1_38' title="bbox 0 0 1299 4772; baseline 0 0"><span class='ocrx_word' id='word_1_233' title='bbox 0 0 1299 4772; x_wconf 95' lang='lat' dir='ltr'><strong> </strong></span> 
     </span>
    </p>
   </div>
  </div>
 </body>
</html>
