2550 4772
296 276 361 376 <tt
583 297 850 366 m
1097 289 1205 362 ista

235 509 408 601 tritisque
423 501 541 598 partis
560 501 734 598 ingenio,
759 525 838 576 non
851 499 976 576 minos
991 503 1208 600 ipsiconsus

234 611 351 692 luisse
369 604 647 678 demonstravit.
682 607 786 677 Tum
802 605 910 674 Ottar
923 604 1021 676 lares
1037 621 1210 678 austrum

234 731 363 782 versus
384 722 486 778 trans
513 719 691 776 montane
716 705 910 776 transtulit
931 719 970 774 et
986 707 1212 778 Ottarstadis

235 814 279 884 iu
291 807 540 884 Nordrardalo
569 805 699 876 sedem
719 805 835 874 fixit
879 806 978 878 Anni
1002 808 1210 899 superioris

236 925 364 986 aestate
378 904 616 996 Hallfriidus,
650 905 752 977 filius
775 907 874 994 ejus,
912 929 934 974 e
950 921 1064 997 portu
1078 909 1211 982 Hvita-

238 1012 320 1086 ensi
337 1012 482 1080 solvens
492 1027 651 1099 peregre
662 1006 852 1096 profectus
863 1005 997 1097 fuerat,
1025 1007 1091 1100 qui
1107 1030 1210 1080 com-

236 1113 350 1184 moda
371 1106 609 1201 navigatione
628 1127 717 1176 usus
734 1107 781 1178 ad
801 1107 1025 1200 Norvegiam
1052 1109 1212 1199 appulit,

238 1227 386 1304 satrapa
403 1210 562 1282 Hakono
584 1205 734 1300 Sigurdi
758 1205 837 1276 filio
866 1229 1051 1280 summam
1081 1231 1213 1280 rerum

239 1327 324 1385 tum
332 1325 497 1382 tenente.
550 1311 673 1402 Quem
687 1329 774 1379 cum
785 1306 1002 1378 Hallfrodus
1018 1309 1213 1380 convenis·

240 1428 299 1486 set
326 1426 367 1482 et
382 1408 634 1498 salutavisset,
660 1421 805 1498 satrapa
823 1429 912 1480 eum
933 1407 1091 1480 comiter
1112 1409 1211 1478 exci·

239 1516 367 1607 piens,
408 1511 489 1602 quis
515 1521 633 1598 esset,
664 1508 882 1601 interrogat.
934 1506 1026 1598 Ille,
1058 1509 1214 1580 nomino
1266 1519 1267 1528 ²

240 1614 426 1702 edito,ae
449 1609 642 1680 Islandum
658 1631 738 1678 esse
765 1608 878 1694 dixit,
915 1629 959 1678 aa
974 1629 1062 1678 vero
1080 1609 1215 1679 adven·

240 1711 388 1790 tuamei
403 1731 511 1780 causa
527 1723 595 1797 est,
619 1723 664 1780 ut
678 1708 866 1822 carminis,
893 1709 993 1799 quod
1003 1709 1050 1778 de
1061 1723 1099 1778 te
1112 1731 1216 1780 eom·

240 1812 362 1909 posui,
380 1809 564 1880 recitandi
579 1809 729 1878 veniam
742 1809 957 1900 impetrem.
1009 1808 1081 1878 Cui
1097 1823 1213 1878 satra

239 1937 309 2008 pa·
349 1912 475 1980 virum
493 1932 569 2002 prae
595 1924 634 1980 te
648 1908 743 1999 fers,
779 1931 907 1980 coram
934 1909 1212 2000 potentioribus

240 2015 359 2086 libere
378 2011 616 2102 loquentem,
629 2033 744 2099 qnare
758 2009 992 2080 carminituo
1005 2009 1134 2080 faciles
1146 2033 1213 2079 au·

240 2137 300 2186 res
320 2112 504 2203 praebebo.
556 2109 773 2182 Ηι111ιόι1ιιι
788 2131 957 2199 carmen,
981 2108 1107 2202 quod
1096 2123 1214 2180 mter-

242 2216 365 2286 talare
379 2209 463 2300 tuit,
479 2209 595 2303 digno
613 2234 677 2280 ore
689 2210 869 2281 recitarit.
920 2211 1093 2302 Satrapa,
1118 2210 1214 2279 actis

241 2311 383 2410 gratiis,
408 2313 522 2385 bonas
537 2324 918 2403 restesmagnamque
936 2311 1111 2400 securim,
1134 2333 1213 2379 ma·
1265 2361 1266 2368 ι

238 2414 375 2488 nubrio
394 2411 582 2504 argenteis
594 2410 754 2482 lamellis
773 2423 916 2499 ornato,
943 2411 1095 2480 eidone
1110 2409 1266 2518 dedit

240 2531 279 2586 et
295 2537 426 2584 secum
441 2511 650 2623 hospitium
663 2531 732 2601 per
744 2509 912 2580 hiemem
925 2510 1079 2598 obtulit,
1112 2507 1215 2600 quod
1265 2477 1266 2570 1

238 2608 457 2687 Hallfriidns
480 2610 634 2702 accepit
687 2611 872 2700 Sequente
896 2623 1022 2679 armate
1039 2609 1082 2679 in
1097 2610 1215 2680 Islan

241 2715 344 2786 diam
357 2712 562 2804 navigans,
593 2710 651 2782 ,ad
674 2710 875 2781 australem
907 2709 1041 2779 insulae
1064 2724 1214 2802 partem

237 2835 373 2886 navem
382 2811 547 2903 appulit,
564 2823 647 2880 tum
657 2831 700 2878 eo
710 2823 815 2902 pater
823 2811 914 2898 ejus,
928 2810 1098 2902 proxime
1116 2813 1216 2901 elap-

240 2937 281 2984 so
295 2935 402 3001 vere,
438 2935 459 2982 a
475 2923 600 2980 tractu
615 2910 757 2980 boreali
769 2910 1016 3003 migraverat,
1050 2934 1217 3003 quocum

227 3013 458 3088 mantredus
467 3034 534 3104 per
542 3010 710 3080 hiemem
718 3025 968 3082 commoratus
979 3024 1044 3079 est.
1095 3011 1217 3082 Dein·

243 3131 330 3206 ceps
351 3112 495 3205 aliquot
517 3125 661 3182 estates
674 3111 917 3184 Hallfrodus
905 3134 948 3180 ιιι
965 3110 1215 3203 navigationi

241 3213 312 3286 but
326 3213 556 3300 consumsit,
581 3233 777 3326 nunquam
791 3233 879 3280 vero
893 3210 1168 3280 adborealem
1157 3233 1215 3278 ιιι

243 3314 335 3387 sulae
360 3329 511 3427 partem
535 3312 658 3396 venit,
690 3311 768 3398 jam
787 3311 843 3379 vir
877 3310 1058 3404 praedives
1073 3295 1215 3397 faetus,

244 3415 405 3506 ipseque
428 3415 531 3486 navis
548 3431 747 3504 possessor
801 3410 874 3484 Hic
892 3425 1020 3481 aestate
1043 3410 1215 3502 quadam,
1264 3445 1265 3488 3

244 3516 290 3586 ab
315 3514 368 3586 181
369 3514 478 3586 mdia
494 3513 657 3600 delatus,
684 3511 730 3582 ad
752 3511 990 3606 Agdanesum
1005 3533 1140 3583 navem
1160 3522 1217 3577 te·
1264 3491 1265 3518 ¹

244 3615 350 3700 nuit3
386 3636 476 3686 cum
500 3635 588 3684 tero
608 3611 802 3702 homiues,
835 3613 968 3703 quibus
994 3631 1081 3681 cum
1100 3611 1217 3680 colle-

246 3728 440 3806 queretur,
464 3729 596 3784 nactus
614 3726 722 3801 esset,
734 3713 889 3802 audivit,
914 3713 1052 3781 metam
1068 3712 1110 3780 in
1123 3716 1217 3782 Nor⁴

248 3817 358 3908 regia
366 3815 565 3910 regiminis
588 3813 863 3902 mutationem,
884 3826 1036 3882 mortuo
1053 3813 1215 3883 Hakono

246 3930 414 4007 satrapa,
446 3916 511 3986 eui
524 3937 592 3984 rex
611 3917 747 3998 Oiavus
765 3914 945 4007 Tryggvii
958 3912 1060 3982 iilius
1078 3911 1120 3990 in
1134 3931 1217 4004 reg·

246 4041 340 4088 num
348 4017 595 4086 successisset
619 4018 818 4102 Praeterea,
832 4013 1218 4107 regemolavumom·

245 4117 358 4190 nibus
373 4117 593 4190 horninibus
610 4116 856 4186 chrimianam
881 4114 1108 4210 religionem
1126 4133 1218 4204 prse-
