2502 4774
32 262 126 352 auo

33 473 145 572 gruit,
178 493 268 543 nam
291 465 407 562 aequis
421 465 560 538 viribus
577 465 751 562 gaudent.
804 471 987 544 Thorral-.

33 575 90 646 dus
103 571 318 664 respondet:
343 569 476 639 lubens
490 567 646 658 faciam,
675 569 843 640 domine!
870 597 912 642 ea
930 589 984 644 ta·

31 699 109 744 men
117 669 347 759 conditione,
379 682 422 738 ut
437 668 574 762 Helgio
591 692 728 738 munus
750 693 861 742 suum
880 675 986 744 abro-

30 797 96 868 ges,
119 773 244 842 minus
257 785 395 858 tamen,
422 792 536 862 quam
550 791 620 860 pro
636 769 858 842 meritorum
874 774 986 842 ratio·

31 901 88 963 ue,
116 872 317 944 discrimen
331 869 429 938 inter
445 865 626 962 Helgium
643 883 681 938 et
702 871 905 964 Sigurdum
924 875 985 960 fit,

31 973 121 1068 quod
135 973 166 1040 si
179 969 276 1040 mihi
292 969 539 1066 praestiteris,
563 984 627 1042 tua
646 993 753 1038 causa
775 974 912 1066 Helgio
928 975 984 1044 in-

31 1075 158 1162 juriam
171 1069 404 1142 nonfaciam.
456 1073 535 1142 Rex
544 1072 595 1140 ita
605 1070 686 1138 fieri
699 1072 816 1158 jussit.
869 1074 986 1144 Dein-

32 1171 70 1244 de
93 1173 271 1266 Sigurdus
287 1171 456 1244 Thoram
478 1167 520 1240 in
541 1171 826 1268 matrimonium
841 1175 986 1265 accepit

32 1290 63 1342 et
76 1271 360 1364 villicationem,
372 1353 374 1360 Α
384 1293 475 1360 ,quae
491 1269 607 1338 Bardo
628 1270 756 1339 Crasso
771 1271 911 1362 fuerat,
945 1275 987 1344 in

30 1371 228 1465 Upplandis
253 1369 511 1442 administrare
537 1369 658 1462 coepit.
719 1373 876 1460 Bardus,
909 1397 985 1444 non

30 1477 142 1560 multo
170 1486 388 1564 postquam
415 1469 622 1562 baptizatus
638 1483 711 1560 est,
744 1471 784 1540 in
813 1473 988 1544 morbum

29 1573 171 1662 incidit,
205 1587 243 1641 et
266 1571 308 1642 in
333 1571 425 1640 albis
447 1565 617 1642 mortuus
635 1585 700 1641 est.
753 1571 991 1664 Thorvaldus¹

29 1696 108 1742 vero
124 1673 167 1742 in
180 1668 381 1757 Islandiam
391 1668 521 1760 rediit,
549 1672 685 1740 eximio
703 1671 846 1742 honore
866 1674 910 1742 ab
927 1697 994 1754 re·¹

29 1793 70 1866 ge
91 1775 206 1842 Olavo
235 1786 437 1860 mactatus,
475 1775 530 1840 vir
554 1793 714 1865 magnus
746 1787 784 1840 et
813 1786 993 1865 spectatae

30 1874 171 1944 virtutis
185 1870 299 1966 tul'go
316 1871 511 1960 judicatus.
553 1953 555 1960 y

181 2043 244 2113 De
265 2039 395 2114 Sveine
411 2041 457 2110 'et
478 2040 604 2114 Finno
620 2037 709 2130 filio
736 2043 825 2136 ejus.
876 2029 878 2032 ⁵

120 2173 208 2268 Cap.
229 2185 300 2248 201.
353 2171 398 2246 In
412 2170 520 2244 libris
536 2171 722 2244 historicis
740 2173 994 2266 scriptumree„

28 2274 179 2368 peritur,
206 2291 386 2370 regnante
402 2288 548 2368 satrapa
562 2275 719 2366 Hakono
731 2275 879 2368 Sigurdi
895 2274 996 2364 filio,

28 2381 65 2446 in
78 2373 627 2464 Thrandheimovirumfuisse,
652 2374 825 2446 Sveinem
834 2375 998 2444 dicturrn-

30 2475 244 2546 Sveirmfuit
262 2475 318 2544 vir
333 2471 451 2564 dives,
477 2497 613 2568 magno
630 2477 711 2546 loco
728 2489 857 2560 natus,
881 2475 921 2544 in
937 2475 989 2542 vi-

28 2592 63 2646 ta
90 2573 282 2646 communi
302 2573 432 2646 alienis
455 2576 614 2668 negotiis
642 2573 847 2664 abstinens,
885 2599 991 2644 man·

28 2673 194 2766 suetique
227 2676 390 2770 ingenii,
439 2697 534 2770 erga¹
555 2678 785 2766 potentiores
815 2699 922 2766 asper
953 2688 1003 2748 et,

28 2777 150 2870 magni
165 2777 331 2876 spiritus,
358 2774 490 2867 siquid
505 2773 539 2844 ei
553 2775 781 2868 displiceret:
808 2777 859 2864 is,
884 2798 991 2846 more

30 2878 386 2970 consangvineorum
407 2890 445 2945 et
460 2877 665 2966 majorum,
708 2877 794 2946 deos
821 2875 991 2946 ethnicos

29 2973 153 3066 coluit,
182 2973 496 3068 quemadmodum
511 2977 629 3044 omnis
649 3000 692 3046 eo
710 2993 879 3068 tempore
898 2980 991 3048 Nor·

27 3075 137 3169 regiae
146 3076 320 3168 populus.
354 3075 491 3146 Sveinn
501 3073 687 3172 domisuae
702 3075 850 3168 insigne
860 3074 992 3144 fanum

27 3173 173 3266 habuit,
207 3173 400 3268 splendide
423 3177 666 3265 instructum,
706 3177 747 3246 in
776 3199 849 3266 quo
871 3177 992 3242 multa

27 3271 224 3346 simulacra
238 3275 355 3362 fuere,
382 3301 544 3368 quorum
553 3268 771 3349 Thoremin
783 3274 914 3366 primis
933 3295 994 3342 co-

26 3375 113 3461 luit3
144 3375 267 3446 eidem
285 3375 449 3466 amicitia
463 3376 536 3444 fuit
553 3401 640 3446 curn
655 3375 813 3446 Hakono
835 3388 992 3464 satrapa,

27 3475 342 3567 quemadmodum
362 3475 442 3546 aliis
459 3475 692 3566 hominibus,
719 3475 785 3568 qui
805 3475 994 3565 sacrificiis

25 3577 128 3645 fuere
145 3575 273 3646 dediti.
325 3575 462 3646 Sveinn
475 3600 631 3650 uxorem
647 3575 799 3665 habuit,
827 3575 993 3665 duosque

24 3676 130 3767 filios,
159 3699 321 3768 quorum
334 3679 428 3764 alter
439 3678 590 3766 Sveinn,
617 3677 710 3746 alter
724 3677 862 3747 Firmus
876 3673 996 3744 nomi-

24 3791 131 3846 natus
160 3790 225 3846 est.
295 3773 433 3846 Sveinn
455 3791 602 3868 patrem
623 3777 776 3870 ingenio
799 3771 996 3862 referebat,

23 3875 163 3946 Firmus
188 3899 275 3946 vero
299 3875 372 3946 fuit
393 3877 651 3968 importunus,
677 3873 867 3968 pervicaX,
894 3875 998 3943 oblo-
1075 3916 1078 3927 ‹

25 3991 131 4045 cutor
150 3978 341 4067 assiduus,
378 3977 510 4048 alienis
536 3978 697 4070 negotiis
713 4000 752 4046 se
769 3975 996 4066 immiscens,

23 4077 135 4169 atque
168 4079 429 4164 turbulentus,
470 4073 662 4148 interdum
686 4077 915 4164 taciturnus,
962 4087 1000 4142 et
1191 4063 1193 4070 Α
