2550 4772
287 215 346 304 60
585 228 884 306 ΞΕ
1086 235 1198 314 atavo,

223 443 368 562 sequi,
377 440 415 513 si
435 451 645 537 utrumque
668 422 922 545 consequendi
938 440 1094 526 facultas
1112 415 1196 512 non

223 534 308 624 brit.
369 546 534 616 Glumua
562 548 599 618 ei
625 569 759 617 navem
789 548 882 624 emit
909 545 954 616 ab
973 541 1195 617 bominibus

221 645 416 740 Norvegis.
443 635 693 738 Ogmundus
682 660 756 718 ater
772 659 899 740 parat,
915 647 1035 716 multa
1045 643 1196 714 adsum

220 763 262 818 ta
279 746 460 840 pecunia,
486 745 655 840 quamsi
668 762 774 838 pater
783 747 903 832 dedit,
920 731 1196 816 'constitutum-

130 927 132 938 ‚
220 860 394 941 quaest,
427 860 486 914 ιιι.
491 845 571 936 ipse
597 847 797 939 praefectus
822 847 926 922 navis
944 853 983 916 et
1000 858 1196 916 convecto·

221 964 311 1020 ιιιιιι
327 959 444 1036 esset,
472 959 636 1038 quotum
649 949 817 1040 plurima
840 969 925 1040 pars
951 960 1057 1016 erant
1075 945 1196 1030 Islau-

219 1049 279 1138 di,
313 1045 553 1142 quiquidem
574 1049 917 1140 priuaadexteros
938 1071 1016 1119 non
1034 1045 1197 1116 fuerunt

221 1148 413 1243 proiectis·
467 1146 708 1224 Protottiore
723 1151 809 1238 iam
839 1163 966 1220 aestate
984 1148 1195 1238 solventes,

219 1249 409 1342 prosperis
424 1247 573 1320 flatibus
591 1249 650 1318 usi
674 1264 781 1339 suut,
812 1251 1065 1336 vehementes,
1091 1268 1196 1315 corn-

221 1351 354 1421 rno'dos
381 1363 532 1437 tamen,
568 1363 709 1444 ventos>
726 1351 839 1420 nacti.
903 1354 958 1426 Ex
987 1350 1062 1436 alto
1093 1345 1196 1414 dela·

220 1453 271 1540 ti,
305 1463 448 1520 terram
462 1448 675 1520 declinante
699 1449 759 1524 die
790 1450 1043 1542 conspiciunt,
1079 1459 1194 1516 vento

220 1549 386 1622 secundo
413 1562 554 1620 terram
573 1573 700 1620 versus
725 1551 843 1620 acrius
869 1551 1045 1643 spirante.
1097 1549 1196 1618 Nor·

220 1651 328 1744 tegi,
368 1649 435 1742 qui
461 1650 561 1720 viam
587 1654 864 1740 monstrabant,
909 1651 1033 1744 magis
1061 1661 1196 1718 tutum

220 1771 300 1840 esse
317 1749 642 1840 demonstrabant,
665 1751 882 1843 insequenti
899 1765 1009 1822 nocte
1026 1749 1109 1818 velo
1131 1746 1195 1816 de·

218 1851 332 1922 misso
355 1871 491 1919 navem
512 1849 565 1922 in
579 1873 655 1920 uno
669 1851 753 1922 ioco
770 1865 921 1940 tenere,
949 1851 1046 1922 lucis
1061 1859 1196 1918 autem

220 1961 311 2020 ortu
341 1961 484 2019 terram
499 1949 604 2026 ,volis
631 1964 772 2042 petere.
840 1943 1064 2045 Ogmundus
1088 1947 1193 2038 infit:

217 2049 331 2120 sento
355 2061 434 2120 tam
451 2050 761 2123 commodo'absit
777 2067 911 2122 utnon
929 2066 1103 2132 ussurus,
1135 2047 1196 2118 in·

211 2163 376 2221 ”certum‘
385 2149 486 2220 enim
495 2163 561 2239 est,
588 2173 638 2222 an
654 2153 830 2243 sequenti
840 2175 953 2224 mana
968 2165 1046 2220 tam
1060 2169 1195 2218 secun·

217 2250 291 2321 dus
313 2251 499 2346 obtinpat,
516 2253 626 2324 ,luna
641 2275 728 2322 vero
750 2253 858 2332 clarc
877 2251 1024 2322 lunrine
1038 2262 1195 2320 noctem

215 2353 425 2420 collustrat
477 2352 540 2422 Ilii
552 2373 701 2422 morem
717 2352 753 2423 ei
769 2363 925 2445 gerunt,
954 2363 992 2420 et
1008 2352 1091 2420 vela
1104 2373 1194 2418 ven·

164 2529 171 2550 N
216 2453 266 2521 tis
288 2452 412 2521 dant.
441 2451 540 2520 Cum
565 2451 1070 2542 verohaudprocuiaterra
1088 2451 1196 2520 abes

218 2565 322 2640 sent,
339 2548 568 2622 inciduntin
585 2552 721 2626 multas
731 2553 862 2646 longas
874 2575 997 2640 naves,
1024 2573 1108 2642 quae
1129 2545 1194 2618 c'o-
1196 2602 1199 2606 .

216 2651 347 2745 pulis
336 2664 475 2736 Junotaa
499 2653 540 2721 in
555 2649 652 2720 freto
672 2652 834 2744 quodam
848 2651 1032 2722 insulari
1022 2673 1064 2724 ιιι
1080 2673 1195 2720 anco-

216 2771 269 2820 ιιι
280 2751 551 2846 ειιιιιιιιμιιιιι
563 2771 753 2846 nonprsus
764 2764 1050 2842 conspexerunt,
1075 2773 1194 2840 quam

151 2921 152 2924 ,
208 2871 335 2946 «uuam
365 2851 785 2946 earumadnavigantes
817 2873 971 2944 pessum
990 2851 1194 2942 depresse-

209 2963 319 3039 rant,
347 2973 421 3043 quo
435 2949 537 3022 facto
556 2953 815 3025 continentem
832 2973 961 3022 versus
974 2951 1016 3022 in
1034 2964 1194 3066 portum

216 3051 432 3124 tendebant
486 3051 622 3124 Turni
621 3054 782 3124 tornines
798 3053 962 3167 ιιιιιάιιιι,
989 3051 1108 3144 quiin
1123 3075 1194 3131 na-

214 3170 262 3222 te
289 3151 517 3222 mercatoria
541 3165 664 3240 erant,
697 3177 760 3226 eos
784 3153 972 3224 incautius
995 3151 1193 3244 navigasse

217 3251 459 3341 dictitabant,
487 3240 721 3344 ogmunao,
737 3269 986 3345 utrorumque
1000 3251 1194 3322 fuissesui

216 3352 459 3440 cautionem,
495 3367 713 3442 reponente.
765 3353 905 3446 Longis
928 3353 1008 3424 istis
1028 3352 1194 3423 navibus

126 3509 130 3516 .
215 3451 368 3544 praefuit
385 3453 748 3544 Hakonussatrap'a3
777 3455 881 3528 navis
899 3467 1045 3540 autern,
1072 3475 1193 3542 quam

198 3591 200 3599 v
215 3551 479 3644 adnavigantes
495 3552 775 3644 depresserant,
805 3567 888 3624 erat
906 3553 1005 3642 viro,
1030 3551 1194 3622 nomine

162 3675 165 3684 ’
214 3651 439 3741 Hallvardo,
475 3651 580 3720 diviti
604 3667 835 3748 satrapasque
852 3652 1096 3736 amicissimo,
1129 3675 1195 3720 res

216 3759 381 3842 amaea,
400 3753 538 3844 quaein
559 3755 644 3821 navi
659 3753 831 3844 fuerunt,
850 3754 1026 3837 'anaissae'3
1061 3753 1193 3821 homi-

155 3851 157 3856 ’
215 3873 283 3922 nes
296 3853 441 3925 servati.
495 3853 677 3946 Sequenti
687 3857 971 3944 maneSatrap‘ae
988 3852 1194 3922 confestim

196 3947 440 4026 'nunciatum
464 3967 535 4042 est,
581 3977 664 4046 quae
686 3953 913 4039 contumelia
935 3965 973 4022 et
1004 3954 1195 4022 damnum

214 4055 287 4144 ipsi
299 4055 403 4124 illata
417 4067 557 4138 essent,
583 4079 659 4146 quo
669 4055 800 4126 nuntio
815 4055 870 4125 ira
885 4063 1078 4125 accensus:
1103 4055 1194 4146 hos,
