2502 4774
246 371 250 378 ,
314 264 403 361 124
596 278 863 352 Ξ
1105 296 1212 364 taso.

252 505 317 574 flos
333 523 455 572 mores
467 502 688 591 hominum,
721 502 787 594 qui
803 525 848 572 eo
870 515 1141 592 convenerant,
1163 503 1211 572 fa-

251 618 400 694 cerent,
427 605 596 672 oratione
609 619 831 694 persecutus
848 617 922 692 est,
947 605 1212 695 palamquepo-

250 709 345 800 pulo
367 705 479 793 fecit,
514 727 644 773 omnes
658 705 854 793 homines,
886 717 966 772 tam
983 705 1084 772 viros
1101 717 1213 796 ‘quam

250 807 429 894 feminas,
457 806 523 895 qui
539 807 681 874 artibus
696 807 852 899 magicis
864 820 902 873 et
916 805 1105 874 veneficiis
1119 829 1211 875 exer-

252 907 378 978 cendis
388 906 594 974 convicti&
610 905 767 975 infames
782 921 922 994 essent,
948 907 1155 997 praesertim
1163 907 1210 973 in*

253 1021 472 1095 cantatores,
500 1027 648 1100 eregno
665 1007 868 1092 ejiciendos
884 1029 973 1075 esse.
997 1006 1145 1077 Deinde
1154 1031 1209 1074 rex

252 1127 382 1177 omnes
395 1108 614 1194 hujusmodi
628 1108 801 1176 homines
817 1129 885 1200 per
898 1106 1049 1178 Vikiam
1064 1106 1210 1176 vicinos-

252 1231 327 1300 que
352 1221 494 1276 tractus
515 1223 553 1276 et
577 1208 785 1298 provincias
815 1207 987 1299 conquiri
1009 1208 1140 1296 jussit,
1180 1221 1210 1275 et

251 1309 445 1378 universos
463 1307 511 1377 ad
525 1333 565 1378 se
582 1308 783 1378 arcessivit.
837 1309 932 1402 Qui,
965 1321 1010 1376 ut
1033 1305 1080 1376 ad
1093 1329 1210 1400 regem

250 1423 521 1500 pervenerunt,
560 1431 741 1503 magnum
768 1415 972 1478 'numerum
1005 1407 1208 1496 effecerunt,

253 1531 418 1602 quorum
434 1512 608 1578 omnium
622 1533 722 1579 unus
744 1523 823 1577 erat
843 1509 1036 1601 princeps,
1070 1509 1210 1578 nomine

250 1610 440 1702 Eyvindus
455 1611 590 1698 Kelda,
615 1612 673 1678 vir
687 1610 898 1681 incantator
912 1624 950 1678 et
965 1610 1056 1678 artis
1067 1611 1209 1701 magice

250 1733 436 1804 perquam
451 1712 618 1802 peritus,
643 1711 745 1779 idem
761 1731 900 1804 genere
913 1710 1051 1778 nobilis
1065 1725 1105 1779 et
1113 1710 1209 1796 dives,

250 1833 368 1901 nepos
396 1834 441 1878 ex
456 1811 535 1880 filio
559 1810 767 1904 Rogataldi
790 1811 1025 1882 Rettilbeinii
1051 1812 1211 1902 (rectipe

253 1912 347 2002 dis),
378 1911 449 1980 filii
472 1911 572 2004 regis
593 1911 748 1982 Haraldi
764 1911 997 2002 pulcricomi.
1055 1913 1136 1982 Rex
1160 1934 1211 1978 eos

253 2011 411 2080 comiter
434 2012 638 2101 allocutus,
665 2013 897 2102 baptismum
913 2033 1117 2103 veramque
1138 2013 1211 2081 reli-

252 2111 406 2205 gionem
422 2127 626 2203 acceptare,
645 2113 806 2202 priscam
815 2135 903 2181 vero
919 2112 1212 2203 superstitionem

253 2225 292 2280 et
312 2226 434 2280 artem
450 2213 638 2306 magicam
659 2215 838 2306 abrogare
857 2213 985 2302 jussit,
1020 2214 1210 2309 ualioquin,

251 2313 397 2405 inquit,
422 2335 444 2380 a
456 2334 575 2406 regno
592 2336 678 2382 meo
695 2314 932 2403 exsulabitis,
967 2335 1057 2404 opes
1073 2315 1212 2406 patrias-

252 2434 326 2504 que
340 2411 554 2482 amittetis''
619 2412 693 2506 Qui
711 2435 799 2482 cum
818 2415 925 2482 dictis
940 2415 1055 2507 regiis
1070 2413 1212 2504 obsequi

250 2515 420 2601 nollent,
469 2513 573 2582 omni
602 2513 694 2582 huic
726 2515 963 2583 multitudini
980 2516 1021 2606 Ι)
1043 2537 1212 2608 magnum
1240 2559 1241 2572 η

252 2615 489 2682 coenaculum
524 2613 749 2705 designavit,
791 2615 857 2683 ubi
879 2617 1211 2706 splendidissimum

252 2713 485 2800 convivium,
522 2729 704 2804 apparatu
727 2715 933 2806 exquisito,
977 2719 1210 2801 celebratum,

247 2811 389 2904 pocula
407 2814 650 2882 valentissimi
668 2830 778 2905 potus
789 2817 959 2906 apposita
976 2818 1211 2906 certatimque

252 2913 471 2983 circumlata
505 2929 612 2998 sunt3
653 2916 879 3005 procedente
904 2939 992 2986 vero
1017 2919 1100 3007 die,
1139 2939 1211 2986 cum

252 3013 395 3083 ethnici
423 3014 543 3083 nimio
566 3037 671 3083 mero
690 3015 815 3085 furere
837 3018 1055 3108 coepissent,
1085 3019 1210 3110 quippe

251 3114 318 3206 qui
333 3137 355 3183 a
370 3115 534 3206 potando
551 3137 620 3206 pro
635 3117 760 3185 lubitu
777 3141 854 3189 non
874 3119 1125 3209 abstinerent,
1156 3139 1210 3186 rex

251 3215 525 3285 eosaccedens:
554 3217 769 3306 apparebit,
797 3219 926 3307 credo,
953 3219 1098 3310 inquit,
1114 3241 1211 3311 quam

250 3335 348 3408 aegre
372 3314 492 3382 feram
510 3337 574 3416 vos
590 3317 782 3401 amittere3
808 3340 991 3412 magnum
1007 3321 1111 3391 enim
1125 3321 1210 3388 dam·
1238 3315 1239 3364 l

249 3425 345 3484 num
369 3427 407 3482 et
428 3409 674 3486 vastationem
702 3439 821 3510 regno
844 3433 970 3488 nostro
993 3420 1158 3508 infertis,
1187 3417 1210 3484 si

248 3525 513 3608 tantatamque
527 3515 684 3610 insignis
705 3517 740 3609 ²)
756 3521 973 3609 multitudo,
1004 3521 1210 3612 quantahuc

250 3616 443 3705 convenit,
471 3617 723 3711 ablegabitur5
759 3621 847 3688 nolo
865 3636 994 3691 tamen
1012 3645 1077 3690 vos
1095 3623 1136 3692 in
1152 3623 1210 3688 hac
1237 3673 1238 3676 ,

247 3731 349 3785 terra
371 3736 544 3806 manere,
585 3719 657 3810 nisi
687 3720 804 3789 errori
831 3724 1209 3800 vest1·orenuntietis;

248 3817 382 3886 lubens
416 3831 544 3886 autem
574 3823 798 3910 optaverim,
836 3822 866 3889 si
891 3824 972 3909 ejus
995 3824 1052 3891 rei
1068 3823 1209 3892 facultas

250 3915 316 4006 sit,
343 3929 387 3984 ut
405 3917 729 3990 adhortationibus
742 3923 834 3990 meis
845 3925 1036 4014 obsecuti,
1063 3925 1210 4017 priscam
1236 3971 1237 4004 ,

253 4133 421 4203 ¹)coaluviei
432 4135 464 4188 B.
501 4138 535 4207 ²)
548 4110 629 4190 sica,
638 4136 669 4192 G·
682 4133 713 4192 F.
727 4141 842 4215 lafiIigt
850 4181 858 4210 ,
879 4148 962 4216 turpis
970 4184 978 4212 ,
998 4148 1105 4200 scelesta
1117 4145 1149 4199 Α.
