2508 4766
64 304 159 375 auc.
415 293 681 370 ·“···..-.’.”·-···.···.“.
876 291 963 381 167

63 515 347 614 remigationem
374 514 710 609 insuper-'augere,
751 509 951 610 remosque
969 517 1025 590 *ex'
1059 535 1060 540 ’

62 617 213 714 singulis
243 615 539 704 interscalmiis,
574 629 765 708 quotquot
783 619 823 685 in
845 621 1024 715 serpente

62 733 178 808 erant,
207 717 358 788 efferre:
388 729 523 812 “atque
539 715 706 808 singulos
724 736 847 788 remos
863 720 942 790 bini
959 733 1024 790 aut

59 819 151 889 terni
172 819 339 910 capiant,
356 815 513 906 inquit,
536 827 717 892 ettamen
735 820 861 888 omnia
875 830 1023 890 tentare

59 939 250 990 necessum
276 915 517 1004 habebimus,
554 929 599 984 ut
618 917 721 986 hunc
743 917 868 988 virum
889 932 1024 1010 capere

57 1013 270 1116 possimus''
324 1015 392 1084 Illi
408 1016 600 1106 imperata·
606 1003 769 1102 faciunt,
798 1029 835 1088 et
851 1021 928 1106 jam
943 1021 1024 1089 Ser-

57 1141 145 1211 pens
159 1123 456 1210 praecurrentem
466 1117 621 1185 lintrem
632 1119 812 1188 celenore
815 1121 929 1216 lapsu
938 1121 1023 1188 sub·

59 1219 232 1310 sequitur.
287 1215 396 1310 Quod
411 1234 498 1283 cum
510 1217 634 1285 lintris
650 1233 777 1287 vector
792 1220 1023 1310 conspicare·

57 1335 134 1408 tur,
160 1319 199 1387 in
223 1339 351 1384 omnes
372 1329 495 1406 partes
512 1317 594 1410 regi
609 1317 708 1386 visus
727 1329 783 1388 est
791 1321 920 1388 oculos
935 1343 1022 1389 con-

58 1421 187 1506 jicere,
221 1417 287 1485 ille
310 1415 469 1486 sollicite
492 1417 780 1509 circumspicere
805 1431 919 1513 etque
944 1420 1022 1487 ani-

58 1544 159 1588 mum
175 1517 387 1604 advertere,
422 1523 604 1606 quantum
618 1518 729 1608 spatii
746 1519 798 1587 ad·
808 1538 921 1610 rupes
934 1519 1022 1586 reli·

59 1641 169 1712 quum
183 1617 249 1706 sit',
265 1631 349 1684 tum
359 1637 489 1684 omnes
502 1619 857 1713 nervos'iritendere,
873 1619 1021 1714 ,fugam-

58 1745 125 1812 que
139 1741 286 1788 summo
302 1715 425 1785 studio
435 1717 658 1811 remigando
677 1737 833 1812 urgere,
858 1719 1022 1810 insurgit

56 1821 181 1910 remis,
217 1815 258 1888 e't'
273 1837 407 1906 corpus
425 1813 477 1884 ad¹
493 1819 659 1887 carinam
677 1817 797 1910 usque
813 1819 1019 1909 resupinat,

55 1919 247 1988 intervallo
271 1917 372 1986 inter
385 1932 585 2008 utramque
595 1941 668 1988 nat
670 1940 730 1987 em
744 1921 929 2008 nonnihil,
945 1933 1020 1989 tar·

58 2021 219 2090 diuscule
236 2029 384 2117 tamen,
412 2029 613 2109 contracto.
650 2019 757 2086 Cum
755 2031 893 2092 autem
901 2020 1020 2090 intel*

55 2119 185 2213 ligeret
196 2141 262 2186 rex
280 2139 387 2186 voces
403 2117 503 2185 inter
514 2137 582 2186 eos
599 2119 770 2190 exaudiri
785 2135 905 2209 posse,-
931 2143 1021 2190 eum

55 2221 271 2308 inclamans:
310 2219 442 2304 mane,
467 2231 511 2284 tu
536 2217 669 2312 ingens
693 2219 779 2290 ille
780 2219 892 2306 vir!
882 2221 1019 2312 inquit,

55 2343 171 2412 neque
194 2317 334 2387 diutius
354 2311 572 2410 remigando
597 2313 835 2412 subterfuge3
860 2331 899 2390 te
918 2320 1020 2390 enim

57 2419 250 2490 convenire
270 2420 454 2488 volumus.
507 2419 779 2499 Vectorlintris
796 2419 1017 2510 respondet:

54 2521 103 2589 sic
120 2536 161 2589 tu
175 2522 375 2612 plerosque
391 2517 528 2590 amicos
545 2531 691 2588 nostros
708 2529 863 2608 tractes,
876 2534 920 2587 ut
934 2521 1021 2592 nul-

54 2621 130 2688 lum
138 2643 198 2688 me
211 2631 339 2716 teneat
352 2617 409 2686 tui
419 2618 665 2688 conveniendi
677 2619 926 2709 desiderium,
923 2641 1018 2733 qua-

54 2743 92 2788 re
115 2735 151 2788 te
175 2719 334 2788 minime
355 2718 616 2832 praestolabor,
658 2741 748 2790 nam
774 2719 889 2788 multi
920 2720 1019 2789 circa

53 2844 167 2888 unum
184 2832 313 2906 erunt,
350 2818 379 2885 si
407 2817 569 2887 invicem
586 2819 889 2930 conveniemus.
915 2823 1018 2893 Tum

52 2921 115 2988 hos
132 2913 258 2988 versus
274 2916 398 2986 lusit:

98 3017 270 3103 Nimium
288 3018 421 3112 procul
437 3013 540 3085 abest
555 3039 664 3086 meus

98 3116 231 3209 canus,
253 3129 427 3188 strenuus
444 3115 582 3206 frater,
610 3118 716 3204 cujus
735 3135 894 3212 magnus
911 3131 967 3186 est

96 3221 241 3288 animus
256 3233 294 3286 et
309 3219 350 3288 in
362 3213 564 3332 labq'rando
579 3219 739 3302 navitas3
780 3232 782 3240 ·

98 3333 176 3388 ater
191 3314 349 3410 Serpens
362 3311 510 3410 navigio
529 3331 642 3388 ruens
662 3317 820 3387 advolat.

96 3417 132 3489 Si
147 3419 210 3491 hic
227 3418 333 3488 ambo
350 3441 433 3484 cam
421 3417 581 3492 fratres

95 3506 327 3606 adessemus,
354 3511 540 3592 Hardradi
556 3513 637 3604 lilii,
682 3569 684 3574 .
720 3535 724 3544 ’

94 3643 171 3688 non
184 3619 423 3712 fugeremus5
447 3618 607 3706 Serpens
619 3617 773 3732 labitur,

94 3743 166 3810 qua
182 3731 331 3810 spumat
343 3729 453 3788 aestus
472 3717 660 3788 albescens
676 3719 800 3788 maris
804 3710 867 3806 *)

48 3933 74 4005 *1
89 3933 175 3988 Ordot
196 3939 289 3989 Errinn
298 3931 323 4004 Ι)
338 3937 371 3987 l(
372 3955 399 3988 rr
403 3932 434 4002 ²)
448 3937 516 4007 blyri
534 3935 617 4000 minu,
639 3934 698 3990 med·
716 3933 787 3987 sadra
798 3933 825 4002 ⁸)
840 3931 936 4002 byggpu
944 3929 971 3998 ⁴)
987 3929 1018 3981 ok

80 4023 207 4095 ιιίιιηιινῖ)
229 4033 315 4080 stendr
333 4027 455 4096 qffjarri5
481 4025 560 4078 dudit
577 4047 644 4078 ormr
665 4031 759 4080 brunar
777 4038 806 4076 at
825 4021 934 4074 nddkua.
981 4019 1021 4084 ΕΙ

82 4121 171 4170 voerim
187 4119 230 4170 dtr
245 4117 322 4174 satir
336 4121 400 4172 iveti
414 4117 520 4184 terta-¹)
548 4117 635 4174 broedr
655 4115 799 4170 flarent,
816 4116 899 4186 tynis,
922 4113 962 4177 ριἱ
980 4114 1018 4162 vit
