<?xml version="1.0" encoding="UTF-8"?>
<!DOCTYPE html PUBLIC "-//W3C//DTD XHTML 1.0 Transitional//EN"
    "http://www.w3.org/TR/xhtml1/DTD/xhtml1-transitional.dtd">
<html xmlns="http://www.w3.org/1999/xhtml" xml:lang="en" lang="en">
 <head>
  <title>
</title>
<meta http-equiv="Content-Type" content="text/html;charset=utf-8" />
  <meta name='ocr-system' content='tesseract 3.04.00' />
  <meta name='ocr-capabilities' content='ocr_page ocr_carea ocr_par ocr_line ocrx_word'/>
</head>
<body>
  <div class='ocr_page' id='page_1' title='image "./scriptahistoric00unkngoog_0103.png"; bbox 0 0 2502 4774; ppageno 0'>
   <div class='ocr_carea' id='block_1_1' title="bbox 275 258 1186 364">
    <p class='ocr_par' dir='ltr' id='par_1_1' title="bbox 275 258 1186 364">
     <span class='ocr_line' id='line_1_1' title="bbox 275 258 1186 364; baseline -0.001 -20"><span class='ocrx_word' id='word_1_1' title='bbox 275 258 333 364; x_wconf 86' lang='lat'><strong>88</strong></span> <span class='ocrx_word' id='word_1_2' title='bbox 566 280 835 344; x_wconf 81' lang='lat'><strong>===</strong></span> <span class='ocrx_word' id='word_1_3' title='bbox 1075 281 1137 360; x_wconf 75' lang='lat' dir='ltr'><strong>tet</strong></span> <span class='ocrx_word' id='word_1_4' title='bbox 1150 283 1186 343; x_wconf 90' lang='lat' dir='ltr'><strong>c.</strong></span> 
     </span>
    </p>
   </div>
   <div class='ocr_carea' id='block_1_2' title="bbox 156 477 1243 4182">
    <p class='ocr_par' dir='ltr' id='par_1_2' title="bbox 208 436 1242 2570">
     <span class='ocr_line' id='line_1_2' title="bbox 211 477 1183 574; baseline 0 -22"><span class='ocrx_word' id='word_1_5' title='bbox 211 480 432 574; x_wconf 84' lang='lat' dir='ltr'><strong>hominum,</strong></span> <span class='ocrx_word' id='word_1_6' title='bbox 472 479 539 574; x_wconf 89' lang='lat' dir='ltr'><strong>qui</strong></span> <span class='ocrx_word' id='word_1_7' title='bbox 563 479 627 554; x_wconf 83' lang='lat' dir='ltr'><strong>hic</strong></span> <span class='ocrx_word' id='word_1_8' title='bbox 647 477 801 574; x_wconf 79' lang='lat' dir='ltr'><strong>adsunt,</strong></span> <span class='ocrx_word' id='word_1_9' title='bbox 829 478 1031 566; x_wconf 80' lang='lat' dir='ltr'><strong>&#39;occisores</strong></span> <span class='ocrx_word' id='word_1_10' title='bbox 1063 490 1183 552; x_wconf 77' lang='lat' dir='ltr'><strong>erunt</strong></span> 
     </span>
     <span class='ocr_line' id='line_1_3' title="bbox 211 563 1239 674; baseline -0.007 -22"><span class='ocrx_word' id='word_1_11' title='bbox 211 588 299 664; x_wconf 90' lang='lat' dir='ltr'><strong>Non</strong></span> <span class='ocrx_word' id='word_1_12' title='bbox 315 606 359 652; x_wconf 91' lang='lat' dir='ltr'><strong>eo</strong></span> <span class='ocrx_word' id='word_1_13' title='bbox 378 583 503 658; x_wconf 83' lang='lat' dir='ltr'><strong>minus</strong></span> <span class='ocrx_word' id='word_1_14' title='bbox 519 579 680 656; x_wconf 83' lang='lat' dir='ltr'><strong>interfici</strong></span> <span class='ocrx_word' id='word_1_15' title='bbox 697 595 804 674; x_wconf 89' lang='lat' dir='ltr'><strong>veto,</strong></span> <span class='ocrx_word' id='word_1_16' title='bbox 821 582 886 652; x_wconf 80' lang='lat' dir='ltr'><strong>eit</strong></span> <span class='ocrx_word' id='word_1_17' title='bbox 901 579 1084 666; x_wconf 85' lang='lat' dir='ltr'><strong>Bjarnius.</strong></span> <span class='ocrx_word' id='word_1_18' title='bbox 1111 579 1184 650; x_wconf 91' lang='lat' dir='ltr'><strong>Hic</strong></span> <span class='ocrx_word' id='word_1_19' title='bbox 1238 563 1239 596; x_wconf 59' lang='lat'>¹</span> 
     </span>
     <span class='ocr_line' id='line_1_4' title="bbox 211 681 1183 778; baseline -0.004 -28"><span class='ocrx_word' id='word_1_20' title='bbox 211 683 432 756; x_wconf 79' lang='lat' dir='ltr'><strong>Thrandus:</strong></span> <span class='ocrx_word' id='word_1_21' title='bbox 471 683 544 758; x_wconf 85' lang='lat' dir='ltr'><strong>hoc</strong></span> <span class='ocrx_word' id='word_1_22' title='bbox 567 704 717 778; x_wconf 91' lang='lat' dir='ltr'><strong>quoque</strong></span> <span class='ocrx_word' id='word_1_23' title='bbox 743 681 899 758; x_wconf 86' lang='lat' dir='ltr'><strong>minime</strong></span> <span class='ocrx_word' id='word_1_24' title='bbox 916 681 1013 751; x_wconf 80' lang='lat' dir='ltr'><strong>serio</strong></span> <span class='ocrx_word' id='word_1_25' title='bbox 1032 681 1183 748; x_wconf 90' lang='lat' dir='ltr'><strong>locutus</strong></span> 
     </span>
     <span class='ocr_line' id='line_1_5' title="bbox 211 779 1183 876; baseline -0.002 -28"><span class='ocrx_word' id='word_1_26' title='bbox 211 805 316 870; x_wconf 85' lang='lat' dir='ltr'><strong>sum,</strong></span> <span class='ocrx_word' id='word_1_27' title='bbox 342 783 406 858; x_wconf 90' lang='lat' dir='ltr'><strong>sed</strong></span> <span class='ocrx_word' id='word_1_28' title='bbox 420 797 464 857; x_wconf 89' lang='lat' dir='ltr'><strong>ut</strong></span> <span class='ocrx_word' id='word_1_29' title='bbox 479 795 664 856; x_wconf 80' lang='lat' dir='ltr'><strong>tentarem</strong></span> <span class='ocrx_word' id='word_1_30' title='bbox 672 803 754 870; x_wconf 82' lang='lat' dir='ltr'><strong>vos,</strong></span> <span class='ocrx_word' id='word_1_31' title='bbox 782 805 893 876; x_wconf 83' lang='lat' dir='ltr'><strong>quam</strong></span> <span class='ocrx_word' id='word_1_32' title='bbox 913 781 955 852; x_wconf 88' lang='lat' dir='ltr'><strong>iu</strong></span> <span class='ocrx_word' id='word_1_33' title='bbox 972 781 1060 854; x_wconf 87' lang='lat' dir='ltr'>illos</span> <span class='ocrx_word' id='word_1_34' title='bbox 1073 779 1183 848; x_wconf 79' lang='lat' dir='ltr'><strong>hene-</strong></span> 
     </span>
     <span class='ocr_line' id='line_1_6' title="bbox 210 879 1182 976; baseline -0.005 -25"><span class='ocrx_word' id='word_1_35' title='bbox 210 882 288 951; x_wconf 86' lang='lat' dir='ltr'>voli</span> <span class='ocrx_word' id='word_1_36' title='bbox 313 881 412 976; x_wconf 16' lang='lat' dir='ltr'><strong>sitis-3</strong></span> <span class='ocrx_word' id='word_1_37' title='bbox 445 896 528 952; x_wconf 86' lang='lat' dir='ltr'><strong>toto</strong></span> <span class='ocrx_word' id='word_1_38' title='bbox 554 881 681 972; x_wconf 87' lang='lat' dir='ltr'><strong>potius</strong></span> <span class='ocrx_word' id='word_1_39' title='bbox 701 881 826 954; x_wconf 83' lang='lat' dir='ltr'>animo</span> <span class='ocrx_word' id='word_1_40' title='bbox 850 881 960 972; x_wconf 89' lang='lat' dir='ltr'><strong>cupio</strong></span> <span class='ocrx_word' id='word_1_41' title='bbox 981 879 1040 954; x_wconf 93' lang='lat' dir='ltr'><strong>his</strong></span> <span class='ocrx_word' id='word_1_42' title='bbox 1057 880 1182 970; x_wconf 87' lang='lat' dir='ltr'><strong>pueris</strong></span> 
     </span>
     <span class='ocr_line' id='line_1_7' title="bbox 211 978 1181 1076; baseline -0.005 -27"><span class='ocrx_word' id='word_1_43' title='bbox 211 981 441 1072; x_wconf 78' lang='lat' dir='ltr'><strong>satisfacere,</strong></span> <span class='ocrx_word' id='word_1_44' title='bbox 469 981 571 1076; x_wconf 87' lang='lat' dir='ltr'><strong>quod</strong></span> <span class='ocrx_word' id='word_1_45' title='bbox 582 981 670 1074; x_wconf 82' lang='lat' dir='ltr'><strong>huic</strong></span> <span class='ocrx_word' id='word_1_46' title='bbox 687 979 916 1076; x_wconf 85' lang='lat' dir='ltr'><strong>profectioni</strong></span> <span class='ocrx_word' id='word_1_47' title='bbox 929 978 1181 1062; x_wconf 71' lang='lat' dir='ltr'><strong>interfuerim,</strong></span> 
     </span>
     <span class='ocr_line' id='line_1_8' title="bbox 212 1077 1240 1170; baseline 0.007 -22"><span class='ocrx_word' id='word_1_48' title='bbox 212 1105 274 1150; x_wconf 88' lang='lat' dir='ltr'><strong>eos</strong></span> <span class='ocrx_word' id='word_1_49' title='bbox 288 1083 456 1156; x_wconf 85' lang='lat' dir='ltr'><strong>nutriam</strong></span> <span class='ocrx_word' id='word_1_50' title='bbox 473 1095 512 1156; x_wconf 77' lang='lat' dir='ltr'><strong>et</strong></span> <span class='ocrx_word' id='word_1_51' title='bbox 527 1081 711 1170; x_wconf 76' lang='lat' dir='ltr'><strong>educabo,</strong></span> <span class='ocrx_word' id='word_1_52' title='bbox 736 1081 856 1156; x_wconf 89' lang='lat' dir='ltr'><strong>donec</strong></span> <span class='ocrx_word' id='word_1_53' title='bbox 872 1077 1124 1162; x_wconf 77' lang='lat' dir='ltr'><strong>adoleverint3</strong></span> <span class='ocrx_word' id='word_1_54' title='bbox 1149 1103 1182 1147; x_wconf 59' lang='lat' dir='ltr'><strong>e*</strong></span> <span class='ocrx_word' id='word_1_55' title='bbox 1239 1083 1240 1108; x_wconf 65' lang='lat'>¹</span> 
     </span>
     <span class='ocr_line' id='line_1_9' title="bbox 211 1178 1181 1275; baseline -0.004 -26"><span class='ocrx_word' id='word_1_56' title='bbox 211 1181 330 1252; x_wconf 86' lang='lat' dir='ltr'><strong>tenim</strong></span> <span class='ocrx_word' id='word_1_57' title='bbox 348 1183 497 1275; x_wconf 77' lang='lat' dir='ltr'>cognati</span> <span class='ocrx_word' id='word_1_58' title='bbox 513 1181 590 1256; x_wconf 88' lang='lat' dir='ltr'><strong>mei</strong></span> <span class='ocrx_word' id='word_1_59' title='bbox 605 1196 702 1256; x_wconf 82' lang='lat' dir='ltr'><strong>suut.</strong></span> <span class='ocrx_word' id='word_1_60' title='bbox 754 1181 870 1256; x_wconf 88' lang='lat' dir='ltr'><strong>Pueri</strong></span> <span class='ocrx_word' id='word_1_61' title='bbox 883 1182 925 1254; x_wconf 88' lang='lat' dir='ltr'><strong>in</strong></span> <span class='ocrx_word' id='word_1_62' title='bbox 940 1203 1050 1254; x_wconf 84' lang='lat' dir='ltr'><strong>saxea</strong></span> <span class='ocrx_word' id='word_1_63' title='bbox 1064 1178 1181 1273; x_wconf 79' lang='lat' dir='ltr'>plani-</span> 
     </span>
     <span class='ocr_line' id='line_1_10' title="bbox 211 1278 1183 1372; baseline -0.003 -21"><span class='ocrx_word' id='word_1_64' title='bbox 211 1281 264 1351; x_wconf 88' lang='lat' dir='ltr'><strong>tie</strong></span> <span class='ocrx_word' id='word_1_65' title='bbox 283 1283 535 1372; x_wconf 83' lang='lat' dir='ltr'><strong>considentes,</strong></span> <span class='ocrx_word' id='word_1_66' title='bbox 561 1283 641 1356; x_wconf 86' lang='lat' dir='ltr'><strong>haec</strong></span> <span class='ocrx_word' id='word_1_67' title='bbox 655 1295 786 1354; x_wconf 83' lang='lat' dir='ltr'><strong>eventa</strong></span> <span class='ocrx_word' id='word_1_68' title='bbox 803 1283 1058 1356; x_wconf 81' lang='lat' dir='ltr'><strong>intuebantur.</strong></span> <span class='ocrx_word' id='word_1_69' title='bbox 1088 1278 1183 1348; x_wconf 88' lang='lat' dir='ltr'><strong>Cum</strong></span> 
     </span>
     <span class='ocr_line' id='line_1_11' title="bbox 210 1378 1179 1476; baseline -0.004 -26"><span class='ocrx_word' id='word_1_70' title='bbox 210 1404 299 1450; x_wconf 89' lang='lat' dir='ltr'><strong>vero</strong></span> <span class='ocrx_word' id='word_1_71' title='bbox 326 1381 459 1458; x_wconf 76' lang='lat' dir='ltr'><strong>fratres</strong></span> <span class='ocrx_word' id='word_1_72' title='bbox 486 1382 726 1470; x_wconf 71' lang='lat' dir='ltr'><strong>cecidissent,</strong></span> <span class='ocrx_word' id='word_1_73' title='bbox 773 1381 921 1454; x_wconf 88' lang='lat' dir='ltr'><strong>Thorer</strong></span> <span class='ocrx_word' id='word_1_74' title='bbox 946 1383 1038 1458; x_wconf 83' lang='lat' dir='ltr'><strong>flere</strong></span> <span class='ocrx_word' id='word_1_75' title='bbox 1059 1378 1179 1476; x_wconf 86' lang='lat' dir='ltr'><strong>coepit.</strong></span> 
     </span>
     <span class='ocr_line' id='line_1_12' title="bbox 211 1479 1183 1582; baseline -0.002 -32"><span class='ocrx_word' id='word_1_76' title='bbox 211 1480 554 1574; x_wconf 73' lang='lat' dir='ltr'><strong>Sigmuudusiufitz</strong></span> <span class='ocrx_word' id='word_1_77' title='bbox 581 1484 856 1574; x_wconf 69' lang='lat' dir='ltr'><strong>deploremus,</strong></span> <span class='ocrx_word' id='word_1_78' title='bbox 883 1479 1060 1582; x_wconf 83' lang='lat' dir='ltr'>cognate!</span> <span class='ocrx_word' id='word_1_79' title='bbox 1086 1480 1183 1553; x_wconf 84' lang='lat' dir='ltr'><strong>hanc</strong></span> 
     </span>
     <span class='ocr_line' id='line_1_13' title="bbox 210 1575 1241 1674; baseline -0.002 -26"><span class='ocrx_word' id='word_1_80' title='bbox 210 1581 337 1670; x_wconf 88' lang='lat' dir='ltr'><strong>potius</strong></span> <span class='ocrx_word' id='word_1_81' title='bbox 359 1582 461 1660; x_wconf 85' lang='lat' dir='ltr'><strong>diem</strong></span> <span class='ocrx_word' id='word_1_82' title='bbox 486 1584 670 1660; x_wconf 79' lang='lat' dir='ltr'><strong>memorie</strong></span> <span class='ocrx_word' id='word_1_83' title='bbox 693 1595 900 1658; x_wconf 80' lang='lat' dir='ltr'><strong>teneamus,</strong></span> <span class='ocrx_word' id='word_1_84' title='bbox 976 1581 1046 1654; x_wconf 92' lang='lat' dir='ltr'><strong>His</strong></span> <span class='ocrx_word' id='word_1_85' title='bbox 1070 1575 1181 1674; x_wconf 85' lang='lat' dir='ltr'><strong>gestis</strong></span> <span class='ocrx_word' id='word_1_86' title='bbox 1240 1579 1241 1628; x_wconf 64' lang='lat' dir='ltr'><strong>t</strong></span> 
     </span>
     <span class='ocr_line' id='line_1_14' title="bbox 212 1680 1182 1778; baseline -0.009 -24"><span class='ocrx_word' id='word_1_87' title='bbox 212 1680 416 1758; x_wconf 83' lang='lat' dir='ltr'><strong>discessum</strong></span> <span class='ocrx_word' id='word_1_88' title='bbox 431 1697 496 1758; x_wconf 84' lang='lat' dir='ltr'><strong>est.</strong></span> <span class='ocrx_word' id='word_1_89' title='bbox 525 1681 725 1778; x_wconf 80' lang='lat' dir='ltr'><strong>Thruudus</strong></span> <span class='ocrx_word' id='word_1_90' title='bbox 740 1705 876 1774; x_wconf 88' lang='lat' dir='ltr'><strong>pueros</strong></span> <span class='ocrx_word' id='word_1_91' title='bbox 890 1682 1182 1756; x_wconf 88' lang='lat' dir='ltr'><strong>secumdomum</strong></span> 
     </span>
     <span class='ocr_line' id='line_1_15' title="bbox 211 1781 1180 1873; baseline -0.004 -23"><span class='ocrx_word' id='word_1_92' title='bbox 211 1782 345 1857; x_wconf 83' lang='lat' dir='ltr'><strong>Getam</strong></span> <span class='ocrx_word' id='word_1_93' title='bbox 363 1781 535 1870; x_wconf 87' lang='lat' dir='ltr'><strong>deduxit,</strong></span> <span class='ocrx_word' id='word_1_94' title='bbox 552 1795 671 1858; x_wconf 82' lang='lat' dir='ltr'><strong>totam</strong></span> <span class='ocrx_word' id='word_1_95' title='bbox 682 1807 770 1852; x_wconf 82' lang='lat' dir='ltr'><strong>vero</strong></span> <span class='ocrx_word' id='word_1_96' title='bbox 785 1782 967 1858; x_wconf 83' lang='lat' dir='ltr'>ditionem</span> <span class='ocrx_word' id='word_1_97' title='bbox 982 1803 1024 1850; x_wconf 84' lang='lat' dir='ltr'><strong>ac</strong></span> <span class='ocrx_word' id='word_1_98' title='bbox 1040 1801 1180 1873; x_wconf 84' lang='lat' dir='ltr'><strong>posses-</strong></span> 
     </span>
     <span class='ocr_line' id='line_1_16' title="bbox 210 1874 1180 1974; baseline 0.003 -23"><span class='ocrx_word' id='word_1_99' title='bbox 210 1881 355 1974; x_wconf 83' lang='lat' dir='ltr'><strong>siones,</strong></span> <span class='ocrx_word' id='word_1_100' title='bbox 385 1906 466 1972; x_wconf 87' lang='lat' dir='ltr'><strong>quee</strong></span> <span class='ocrx_word' id='word_1_101' title='bbox 485 1881 646 1958; x_wconf 83' lang='lat' dir='ltr'><strong>Bresteri</strong></span> <span class='ocrx_word' id='word_1_102' title='bbox 663 1897 701 1954; x_wconf 85' lang='lat' dir='ltr'><strong>et</strong></span> <span class='ocrx_word' id='word_1_103' title='bbox 716 1881 863 1954; x_wconf 84' lang='lat' dir='ltr'><strong>Beineri</strong></span> <span class='ocrx_word' id='word_1_104' title='bbox 877 1874 1045 1970; x_wconf 75' lang='lat' dir='ltr'><strong>fuerant,</strong></span> <span class='ocrx_word' id='word_1_105' title='bbox 1074 1904 1180 1956; x_wconf 81' lang='lat' dir='ltr'><strong>occu-</strong></span> 
     </span>
     <span class='ocr_line' id='line_1_17' title="bbox 209 1979 1242 2078; baseline 0.004 -32"><span class='ocrx_word' id='word_1_106' title='bbox 209 1981 329 2070; x_wconf 89' lang='lat' dir='ltr'><strong>pavit,</strong></span> <span class='ocrx_word' id='word_1_107' title='bbox 357 1981 529 2058; x_wconf 77' lang='lat' dir='ltr'><strong>similiter</strong></span> <span class='ocrx_word' id='word_1_108' title='bbox 547 1996 584 2052; x_wconf 87' lang='lat' dir='ltr'><strong>et</strong></span> <span class='ocrx_word' id='word_1_109' title='bbox 599 2006 683 2050; x_wconf 87' lang='lat' dir='ltr'><strong>eam</strong></span> <span class='ocrx_word' id='word_1_110' title='bbox 697 1982 906 2058; x_wconf 84' lang='lat' dir='ltr'><strong>insularum</strong></span> <span class='ocrx_word' id='word_1_111' title='bbox 921 1995 1088 2078; x_wconf 77' lang='lat' dir='ltr'><strong>partem,</strong></span> <span class='ocrx_word' id='word_1_112' title='bbox 1122 1979 1181 2050; x_wconf 89' lang='lat' dir='ltr'><strong>cui</strong></span> <span class='ocrx_word' id='word_1_113' title='bbox 1241 2039 1242 2070; x_wconf 72' lang='lat'><strong>,</strong></span> 
     </span>
     <span class='ocr_line' id='line_1_18' title="bbox 209 2080 1180 2174; baseline 0.006 -28"><span class='ocrx_word' id='word_1_114' title='bbox 209 2102 276 2146; x_wconf 85' lang='lat' dir='ltr'><strong>rex</strong></span> <span class='ocrx_word' id='word_1_115' title='bbox 302 2080 490 2156; x_wconf 79' lang='lat' dir='ltr'><strong>Hereldus</strong></span> <span class='ocrx_word' id='word_1_116' title='bbox 511 2081 807 2158; x_wconf 83' lang='lat' dir='ltr'><strong>Gunnhildiedes</strong></span> <span class='ocrx_word' id='word_1_117' title='bbox 829 2081 1073 2174; x_wconf 82' lang='lat' dir='ltr'><strong>Hefgrimum</strong></span> <span class='ocrx_word' id='word_1_118' title='bbox 1089 2103 1180 2172; x_wconf 85' lang='lat' dir='ltr'><strong>prae-</strong></span> 
     </span>
     <span class='ocr_line' id='line_1_19' title="bbox 208 2178 1179 2274; baseline 0.002 -22"><span class='ocrx_word' id='word_1_119' title='bbox 208 2178 367 2266; x_wconf 73' lang='lat' dir='ltr'><strong>fecersu</strong></span> <span class='ocrx_word' id='word_1_120' title='bbox 387 2195 615 2272; x_wconf 83' lang='lat' dir='ltr'><strong>etpraetereo</strong></span> <span class='ocrx_word' id='word_1_121' title='bbox 628 2181 829 2256; x_wconf 84' lang='lat' dir='ltr'><strong>Threndus</strong></span> <span class='ocrx_word' id='word_1_122' title='bbox 843 2181 966 2258; x_wconf 77' lang='lat' dir='ltr'><strong>filium</strong></span> <span class='ocrx_word' id='word_1_123' title='bbox 981 2181 1179 2274; x_wconf 79' lang='lat' dir='ltr'><strong>Hefgrimi,</strong></span> 
     </span>
     <span class='ocr_line' id='line_1_20' title="bbox 209 2269 1181 2376; baseline -0.002 -29"><span class='ocrx_word' id='word_1_124' title='bbox 209 2281 360 2354; x_wconf 85' lang='lat' dir='ltr'><strong>nornine</strong></span> <span class='ocrx_word' id='word_1_125' title='bbox 382 2269 576 2376; x_wconf 71' lang='lat' dir='ltr'><strong>(issurem,</strong></span> <span class='ocrx_word' id='word_1_126' title='bbox 617 2281 842 2374; x_wconf 81' lang='lat' dir='ltr'><strong>decennem,</strong></span> <span class='ocrx_word' id='word_1_127' title='bbox 877 2280 1074 2358; x_wconf 81' lang='lat' dir='ltr'><strong>enutrivit,</strong></span> <span class='ocrx_word' id='word_1_128' title='bbox 1123 2280 1181 2352; x_wconf 88' lang='lat' dir='ltr'><strong>Sic</strong></span> 
     </span>
     <span class='ocr_line' id='line_1_21' title="bbox 210 2379 1179 2481; baseline 0.001 -31"><span class='ocrx_word' id='word_1_129' title='bbox 210 2381 592 2458; x_wconf 79' lang='lat' dir='ltr'><strong>Thrandusotunibus</strong></span> <span class='ocrx_word' id='word_1_130' title='bbox 603 2383 762 2476; x_wconf 80' lang='lat' dir='ltr'><strong>Faereyis</strong></span> <span class='ocrx_word' id='word_1_131' title='bbox 768 2379 932 2476; x_wconf 73' lang='lat' dir='ltr'><strong>prefuit,</strong></span> <span class='ocrx_word' id='word_1_132' title='bbox 948 2383 1072 2481; x_wconf 79' lang='lat' dir='ltr'><strong>neque</strong></span> <span class='ocrx_word' id='word_1_133' title='bbox 1083 2379 1179 2480; x_wconf 84' lang='lat' dir='ltr'><strong>quis-</strong></span> 
     </span>
     <span class='ocr_line' id='line_1_22' title="bbox 210 2481 860 2570; baseline -0.006 -16"><span class='ocrx_word' id='word_1_134' title='bbox 210 2502 323 2570; x_wconf 83' lang='lat' dir='ltr'>quam</span> <span class='ocrx_word' id='word_1_135' title='bbox 334 2481 369 2554; x_wconf 86' lang='lat' dir='ltr'><strong>ei</strong></span> <span class='ocrx_word' id='word_1_136' title='bbox 385 2497 514 2558; x_wconf 79' lang='lat' dir='ltr'><strong>contre</strong></span> <span class='ocrx_word' id='word_1_137' title='bbox 532 2481 654 2554; x_wconf 80' lang='lat' dir='ltr'><strong>dicere</strong></span> <span class='ocrx_word' id='word_1_138' title='bbox 669 2505 777 2556; x_wconf 75' lang='lat' dir='ltr'><strong>ausus</strong></span> <span class='ocrx_word' id='word_1_139' title='bbox 794 2497 860 2560; x_wconf 83' lang='lat' dir='ltr'><strong>est.</strong></span> 
     </span>
    </p>

    <p class='ocr_par' dir='ltr' id='par_1_3' title="bbox 206 2579 1243 3886">
     <span class='ocr_line' id='line_1_23' title="bbox 312 2579 1243 2676; baseline -0.004 -22"><span class='ocrx_word' id='word_1_140' title='bbox 312 2579 399 2672; x_wconf 70' lang='lat' dir='ltr'><strong>Cap,</strong></span> <span class='ocrx_word' id='word_1_141' title='bbox 417 2592 487 2658; x_wconf 74' lang='lat'><strong>181.</strong></span> <span class='ocrx_word' id='word_1_142' title='bbox 538 2581 765 2660; x_wconf 80' lang='lat' dir='ltr'><strong>Heceadem</strong></span> <span class='ocrx_word' id='word_1_143' title='bbox 788 2595 934 2672; x_wconf 73' lang='lat' dir='ltr'><strong>estete,</strong></span> <span class='ocrx_word' id='word_1_144' title='bbox 962 2579 1179 2676; x_wconf 85' lang='lat' dir='ltr'><strong>quafratres</strong></span> <span class='ocrx_word' id='word_1_145' title='bbox 1242 2639 1243 2656; x_wconf 66' lang='grc'>,</span> 
     </span>
     <span class='ocr_line' id='line_1_24' title="bbox 210 2679 1178 2781; baseline -0.002 -31"><span class='ocrx_word' id='word_1_146' title='bbox 210 2679 486 2770; x_wconf 81' lang='lat' dir='ltr'><strong>occubuerunt,</strong></span> <span class='ocrx_word' id='word_1_147' title='bbox 518 2681 621 2754; x_wconf 70' lang='lat' dir='ltr'><strong>nevis</strong></span> <span class='ocrx_word' id='word_1_148' title='bbox 640 2683 848 2781; x_wconf 71' lang='lat' dir='ltr'><strong>Norvegica</strong></span> <span class='ocrx_word' id='word_1_149' title='bbox 871 2681 912 2759; x_wconf 84' lang='lat' dir='ltr'><strong>iu</strong></span> <span class='ocrx_word' id='word_1_150' title='bbox 932 2697 1087 2780; x_wconf 89' lang='lat' dir='ltr'><strong>portum</strong></span> <span class='ocrx_word' id='word_1_151' title='bbox 1106 2685 1178 2752; x_wconf 86' lang='lat' dir='ltr'><strong>Fae·</strong></span> 
     </span>
     <span class='ocr_line' id='line_1_25' title="bbox 209 2780 1177 2877; baseline 0.003 -25"><span class='ocrx_word' id='word_1_152' title='bbox 209 2800 427 2868; x_wconf 77' lang='lat' dir='ltr'><strong>reyensem‚</strong></span> <span class='ocrx_word' id='word_1_153' title='bbox 454 2780 763 2872; x_wconf 79' lang='lat' dir='ltr'><strong>Thorshefniem,</strong></span> <span class='ocrx_word' id='word_1_154' title='bbox 780 2782 946 2875; x_wconf 78' lang='lat' dir='ltr'><strong>appulit3</strong></span> <span class='ocrx_word' id='word_1_155' title='bbox 974 2782 1177 2877; x_wconf 79' lang='lat' dir='ltr'><strong>cuiusprae-</strong></span> 
     </span>
     <span class='ocr_line' id='line_1_26' title="bbox 208 2876 1179 2974; baseline 0.001 -27"><span class='ocrx_word' id='word_1_156' title='bbox 208 2876 330 2947; x_wconf 74' lang='lat' dir='ltr'><strong>fectus</strong></span> <span class='ocrx_word' id='word_1_157' title='bbox 359 2894 437 2954; x_wconf 82' lang='lat' dir='ltr'><strong>erat</strong></span> <span class='ocrx_word' id='word_1_158' title='bbox 465 2879 521 2954; x_wconf 84' lang='lat' dir='ltr'><strong>vir</strong></span> <span class='ocrx_word' id='word_1_159' title='bbox 542 2881 730 2972; x_wconf 73' lang='lat' dir='ltr'><strong>VikensiS,</strong></span> <span class='ocrx_word' id='word_1_160' title='bbox 761 2883 915 2959; x_wconf 83' lang='lat' dir='ltr'><strong>nomine</strong></span> <span class='ocrx_word' id='word_1_161' title='bbox 936 2881 1077 2972; x_wconf 78' lang='lat' dir='ltr'><strong>Hrein,</strong></span> <span class='ocrx_word' id='word_1_162' title='bbox 1115 2881 1179 2974; x_wconf 91' lang='lat' dir='ltr'><strong>qui</strong></span> 
     </span>
     <span class='ocr_line' id='line_1_27' title="bbox 208 2979 1177 3076; baseline 0.004 -32"><span class='ocrx_word' id='word_1_163' title='bbox 208 2979 520 3072; x_wconf 78' lang='lat' dir='ltr'><strong>Holmgerdipeta</strong></span> <span class='ocrx_word' id='word_1_164' title='bbox 535 2981 749 3058; x_wconf 80' lang='lat' dir='ltr'><strong>nominatus</strong></span> <span class='ocrx_word' id='word_1_165' title='bbox 764 2997 836 3076; x_wconf 79' lang='lat' dir='ltr'><strong>est,</strong></span> <span class='ocrx_word' id='word_1_166' title='bbox 862 2983 964 3074; x_wconf 89' lang='lat' dir='ltr'><strong>quod</strong></span> <span class='ocrx_word' id='word_1_167' title='bbox 984 2983 1177 3060; x_wconf 73' lang='lat' dir='ltr'><strong>Orientem</strong></span> 
     </span>
     <span class='ocr_line' id='line_1_28' title="bbox 208 3079 1177 3176; baseline 0.007 -34"><span class='ocrx_word' id='word_1_168' title='bbox 208 3099 335 3150; x_wconf 85' lang='lat' dir='ltr'><strong>versus</strong></span> <span class='ocrx_word' id='word_1_169' title='bbox 345 3079 385 3152; x_wconf 81' lang='lat' dir='ltr'><strong>in</strong></span> <span class='ocrx_word' id='word_1_170' title='bbox 395 3081 654 3156; x_wconf 79' lang='lat' dir='ltr'><strong>Garderikiam</strong></span> <span class='ocrx_word' id='word_1_171' title='bbox 669 3083 916 3176; x_wconf 76' lang='lat' dir='ltr'><strong>navigaverat,</strong></span> <span class='ocrx_word' id='word_1_172' title='bbox 969 3081 1177 3160; x_wconf 79' lang='lat' dir='ltr'><strong>Hrefneret</strong></span> 
     </span>
     <span class='ocr_line' id='line_1_29' title="bbox 208 3175 1180 3276; baseline 0.002 -32"><span class='ocrx_word' id='word_1_173' title='bbox 208 3175 265 3245; x_wconf 86' lang='lat' dir='ltr'><strong>vir</strong></span> <span class='ocrx_word' id='word_1_174' title='bbox 282 3177 383 3248; x_wconf 88' lang='lat' dir='ltr'><strong>dives</strong></span> <span class='ocrx_word' id='word_1_175' title='bbox 398 3195 435 3248; x_wconf 91' lang='lat' dir='ltr'><strong>et</strong></span> <span class='ocrx_word' id='word_1_176' title='bbox 446 3181 576 3256; x_wconf 78' lang='lat' dir='ltr'><strong>villam</strong></span> <span class='ocrx_word' id='word_1_177' title='bbox 586 3181 798 3276; x_wconf 78' lang='lat' dir='ltr'><strong>Tunsbergi</strong></span> <span class='ocrx_word' id='word_1_178' title='bbox 810 3183 952 3260; x_wconf 75' lang='lat' dir='ltr'><strong>habuit,</strong></span> <span class='ocrx_word' id='word_1_179' title='bbox 981 3183 1080 3260; x_wconf 89' lang='lat' dir='ltr'><strong>Cum</strong></span> <span class='ocrx_word' id='word_1_180' title='bbox 1090 3205 1180 3252; x_wconf 70' lang='lat' dir='ltr'><strong>vero,</strong></span> 
     </span>
     <span class='ocr_line' id='line_1_30' title="bbox 207 3280 1177 3374; baseline 0.004 -30"><span class='ocrx_word' id='word_1_181' title='bbox 207 3294 434 3354; x_wconf 72' lang='lat' dir='ltr'><strong>mercatores</strong></span> <span class='ocrx_word' id='word_1_182' title='bbox 455 3281 502 3358; x_wconf 79' lang='lat' dir='ltr'><strong>ed</strong></span> <span class='ocrx_word' id='word_1_183' title='bbox 529 3280 676 3358; x_wconf 77' lang='lat' dir='ltr'><strong>ebitum</strong></span> <span class='ocrx_word' id='word_1_184' title='bbox 699 3296 823 3360; x_wconf 77' lang='lat' dir='ltr'><strong>esseut</strong></span> <span class='ocrx_word' id='word_1_185' title='bbox 846 3283 990 3374; x_wconf 72' lang='lat' dir='ltr'><strong>parati,</strong></span> <span class='ocrx_word' id='word_1_186' title='bbox 1029 3282 1177 3358; x_wconf 80' lang='lat' dir='ltr'><strong>advenit</strong></span> 
     </span>
     <span class='ocr_line' id='line_1_31' title="bbox 207 3379 1175 3473; baseline -0.003 -20"><span class='ocrx_word' id='word_1_187' title='bbox 207 3399 316 3453; x_wconf 80' lang='lat' dir='ltr'><strong>mane</strong></span> <span class='ocrx_word' id='word_1_188' title='bbox 338 3381 501 3471; x_wconf 82' lang='lat' dir='ltr'><strong>quodam</strong></span> <span class='ocrx_word' id='word_1_189' title='bbox 519 3379 718 3456; x_wconf 84' lang='lat' dir='ltr'><strong>Threndus</strong></span> <span class='ocrx_word' id='word_1_190' title='bbox 742 3381 787 3458; x_wconf 86' lang='lat' dir='ltr'><strong>de</strong></span> <span class='ocrx_word' id='word_1_191' title='bbox 805 3385 920 3473; x_wconf 76' lang='lat' dir='ltr'><strong>Geta,</strong></span> <span class='ocrx_word' id='word_1_192' title='bbox 956 3385 1082 3456; x_wconf 89' lang='lat' dir='ltr'><strong>celoce</strong></span> <span class='ocrx_word' id='word_1_193' title='bbox 1096 3405 1175 3458; x_wconf 80' lang='lat' dir='ltr'><strong>vec-</strong></span> 
     </span>
     <span class='ocr_line' id='line_1_32' title="bbox 206 3475 1174 3578; baseline -0.012 -16"><span class='ocrx_word' id='word_1_194' title='bbox 206 3488 290 3562; x_wconf 74' lang='lat' dir='ltr'><strong>tus,</strong></span> <span class='ocrx_word' id='word_1_195' title='bbox 315 3475 377 3552; x_wconf 79' lang='lat' dir='ltr'><strong>hic</strong></span> <span class='ocrx_word' id='word_1_196' title='bbox 393 3480 687 3570; x_wconf 78' lang='lat' dir='ltr'><strong>gubernatorem</strong></span> <span class='ocrx_word' id='word_1_197' title='bbox 704 3481 865 3573; x_wconf 84' lang='lat' dir='ltr'><strong>seducit,</strong></span> <span class='ocrx_word' id='word_1_198' title='bbox 891 3507 1007 3578; x_wconf 83' lang='lat' dir='ltr'><strong>seque</strong></span> <span class='ocrx_word' id='word_1_199' title='bbox 1018 3484 1091 3560; x_wconf 92' lang='lat' dir='ltr'><strong>duo</strong></span> <span class='ocrx_word' id='word_1_200' title='bbox 1102 3505 1174 3552; x_wconf 87' lang='lat' dir='ltr'><strong>ser-</strong></span> 
     </span>
     <span class='ocr_line' id='line_1_33' title="bbox 206 3577 1175 3679; baseline 0.002 -31"><span class='ocrx_word' id='word_1_201' title='bbox 206 3598 270 3648; x_wconf 86' lang='lat' dir='ltr'><strong>vos</strong></span> <span class='ocrx_word' id='word_1_202' title='bbox 280 3577 441 3652; x_wconf 83' lang='lat' dir='ltr'><strong>novitios</strong></span> <span class='ocrx_word' id='word_1_203' title='bbox 457 3603 552 3653; x_wconf 88' lang='lat' dir='ltr'><strong>veno</strong></span> <span class='ocrx_word' id='word_1_204' title='bbox 568 3581 708 3658; x_wconf 72' lang='lat' dir='ltr'><strong>habere</strong></span> <span class='ocrx_word' id='word_1_205' title='bbox 724 3584 895 3662; x_wconf 80' lang='lat' dir='ltr'><strong>ostendit,</strong></span> <span class='ocrx_word' id='word_1_206' title='bbox 948 3584 1175 3679; x_wconf 83' lang='lat' dir='ltr'><strong>Quoerefn</strong></span> 
     </span>
     <span class='ocr_line' id='line_1_34' title="bbox 206 3676 1173 3774; baseline 0 -25"><span class='ocrx_word' id='word_1_207' title='bbox 206 3697 284 3749; x_wconf 86' lang='lat' dir='ltr'><strong>non</strong></span> <span class='ocrx_word' id='word_1_208' title='bbox 304 3676 408 3774; x_wconf 78' lang='lat' dir='ltr'><strong>prius</strong></span> <span class='ocrx_word' id='word_1_209' title='bbox 429 3694 640 3774; x_wconf 84' lang='lat' dir='ltr'><strong>emturum,</strong></span> <span class='ocrx_word' id='word_1_210' title='bbox 677 3706 792 3774; x_wconf 82' lang='lat' dir='ltr'><strong>quem</strong></span> <span class='ocrx_word' id='word_1_211' title='bbox 814 3685 986 3773; x_wconf 81' lang='lat' dir='ltr'><strong>vidisset,</strong></span> <span class='ocrx_word' id='word_1_212' title='bbox 1018 3699 1173 3753; x_wconf 83' lang='lat' dir='ltr'><strong>testatus</strong></span> 
     </span>
     <span class='ocr_line' id='line_1_35' title="bbox 208 3779 1174 3886; baseline 0.009 -33"><span class='ocrx_word' id='word_1_213' title='bbox 208 3789 272 3886; x_wconf 59' lang='lat' dir='ltr'><strong>est,</strong></span> <span class='ocrx_word' id='word_1_214' title='bbox 326 3781 429 3855; x_wconf 84' lang='lat' dir='ltr'><strong>Tum</strong></span> <span class='ocrx_word' id='word_1_215' title='bbox 444 3779 644 3860; x_wconf 83' lang='lat' dir='ltr'><strong>Thraudus</strong></span> <span class='ocrx_word' id='word_1_216' title='bbox 657 3782 748 3858; x_wconf 88' lang='lat' dir='ltr'><strong>duos</strong></span> <span class='ocrx_word' id='word_1_217' title='bbox 763 3806 899 3882; x_wconf 82' lang='lat' dir='ltr'><strong>pueros</strong></span> <span class='ocrx_word' id='word_1_218' title='bbox 915 3785 1105 3884; x_wconf 78' lang='lat' dir='ltr'><strong>produxit,</strong></span> <span class='ocrx_word' id='word_1_219' title='bbox 1120 3808 1174 3854; x_wconf 80' lang='lat' dir='ltr'><strong>ca-</strong></span> 
     </span>
    </p>

    <p class='ocr_par' dir='ltr' id='par_1_4' title="bbox 156 3881 1172 4182">
     <span class='ocr_line' id='line_1_36' title="bbox 156 3881 1171 3984; baseline 0.012 -44"><span class='ocrx_word' id='word_1_220' title='bbox 156 3899 161 3906; x_wconf 53' lang='grc'><strong><em>’</em></strong></span> <span class='ocrx_word' id='word_1_221' title='bbox 204 3889 284 3962; x_wconf 83' lang='lat' dir='ltr'><strong>pue</strong></span> <span class='ocrx_word' id='word_1_222' title='bbox 303 3898 405 3966; x_wconf 82' lang='lat' dir='ltr'><strong>reso,</strong></span> <span class='ocrx_word' id='word_1_223' title='bbox 433 3881 524 3950; x_wconf 81' lang='lat' dir='ltr'><strong>albis</strong></span> <span class='ocrx_word' id='word_1_224' title='bbox 544 3881 641 3974; x_wconf 80' lang='lat' dir='ltr'><strong>segis</strong></span> <span class='ocrx_word' id='word_1_225' title='bbox 660 3883 830 3974; x_wconf 72' lang='lat' dir='ltr'><strong>indutos,</strong></span> <span class='ocrx_word' id='word_1_226' title='bbox 858 3889 1171 3984; x_wconf 84' lang='lat' dir='ltr'><strong>espectu&#39;pulcro‚</strong></span> 
     </span>
     <span class='ocr_line' id='line_1_37' title="bbox 205 3973 1170 4070; baseline 0.011 -30"><span class='ocrx_word' id='word_1_227' title='bbox 205 3973 299 4042; x_wconf 82' lang='lat' dir='ltr'><strong>fecie</strong></span> <span class='ocrx_word' id='word_1_228' title='bbox 326 3998 404 4066; x_wconf 81' lang='lat' dir='ltr'><strong>pree</strong></span> <span class='ocrx_word' id='word_1_229' title='bbox 429 3979 557 4052; x_wconf 86' lang='lat' dir='ltr'><strong>dolore</strong></span> <span class='ocrx_word' id='word_1_230' title='bbox 579 3983 734 4059; x_wconf 72' lang='lat' dir='ltr'><strong>tumida.</strong></span> <span class='ocrx_word' id='word_1_231' title='bbox 800 3989 905 4061; x_wconf 86' lang='lat' dir='ltr'><strong>Tum</strong></span> <span class='ocrx_word' id='word_1_232' title='bbox 928 3985 1049 4064; x_wconf 78' lang='lat' dir='ltr'><strong>Hrefn</strong></span> <span class='ocrx_word' id='word_1_233' title='bbox 1072 3986 1170 4070; x_wconf 78' lang='lat' dir='ltr'><strong>infit:</strong></span> 
     </span>
     <span class='ocr_line' id='line_1_38' title="bbox 206 4077 1172 4182; baseline 0.007 -34"><span class='ocrx_word' id='word_1_234' title='bbox 206 4091 329 4170; x_wconf 76' lang='lat' dir='ltr'><strong>estne,</strong></span> <span class='ocrx_word' id='word_1_235' title='bbox 358 4077 552 4156; x_wconf 78' lang='lat' dir='ltr'><strong>Thrande!</strong></span> <span class='ocrx_word' id='word_1_236' title='bbox 576 4097 620 4156; x_wconf 86' lang='lat' dir='ltr'><strong>ut</strong></span> <span class='ocrx_word' id='word_1_237' title='bbox 635 4081 677 4156; x_wconf 85' lang='lat' dir='ltr'><strong>hi</strong></span> <span class='ocrx_word' id='word_1_238' title='bbox 694 4084 807 4180; x_wconf 65' lang='lat' dir='ltr'><strong>pueri</strong></span> <span class='ocrx_word' id='word_1_239' title='bbox 824 4085 900 4162; x_wconf 84' lang='lat' dir='ltr'><strong>sint</strong></span> <span class='ocrx_word' id='word_1_240' title='bbox 917 4088 1022 4182; x_wconf 81' lang='lat' dir='ltr'><strong>gnati</strong></span> <span class='ocrx_word' id='word_1_241' title='bbox 1031 4090 1172 4176; x_wconf 68' lang='lat' dir='ltr'><strong>Beestc·</strong></span> 
     </span>
    </p>
   </div>
   <div class='ocr_carea' id='block_1_3' title="bbox 0 0 1256 4774">
    <p class='ocr_par' dir='ltr' id='par_1_5' title="bbox 0 0 1256 4774">
     <span class='ocr_line' id='line_1_39' title="bbox 0 0 1256 4774; baseline 0 1"><span class='ocrx_word' id='word_1_242' title='bbox 0 0 1256 4774; x_wconf 95' lang='lat' dir='ltr'><strong> </strong></span> 
     </span>
    </p>
   </div>
  </div>
 </body>
</html>
