2508 4766
293 212 381 302 158
573 229 836 295 ...············..-'..
1078 233 1173 310 roso.

230 438 398 533 pericula
411 451 597 525 avertere,
631 457 745 530 quam
766 435 866 527 quod
884 438 981 508 hanc
1005 437 1174 508 armillam

168 628 173 633 ἱ
230 540 417 632 possidere
431 540 581 630 cupiam
599 540 647 629 ¹).
698 539 900 630 Regislraec
910 538 1066 606 dicentis
1077 535 1174 606 facies

230 640 419 731 sanguinis
434 639 550 707 instar
565 639 710 726 rubuit,
737 637 890 708 cessavit
909 652 1038 706 tamen
1059 638 1122 706 hac
1135 637 1176 704 de

231 764 272 808 re
297 739 550 829 colloquium,
580 759 669 832 rege
684 761 881 829 nunquam
901 751 1033 828 postea
1046 759 1082 806 se
1103 735 1177 828 pari

233 841 408 907 comitate
432 861 519 931 erga
539 839 789 932 Sigmundum
815 840 1025 928 praebente3
1063 852 1177 904 tamen

231 938 462 1029 aliquamdiu
480 963 567 1007 cum
588 959 677 1031 rege
697 951 946 1008 commoratus
963 951 1037 1026 est,
1067 937 1178 1027 prima

230 1061 317 1107 vero
335 1052 456 1108 aestate
474 1039 515 1108 in
528 1043 555 1110 F
557 1062 694 1132 aereyas
711 1053 880 1108 revectus
899 1052 973 1125 est,
1006 1038 1119 1105 amice
1136 1035 1178 1102 ab

233 1141 347 1208 Olavo
368 1160 457 1230 rege
480 1139 684 1232 digressae,
720 1139 829 1229 eique
846 1161 1041 1229 nunquam
1063 1149 1180 1226 postea

230 1241 349 1323 visus,
375 1239 440 1327 qui
452 1261 538 1308 cum
554 1239 595 1308 in
607 1241 773 1331 Faereyas
785 1239 1030 1330 pervenisset,
1054 1235 1180 1306 invilla

232 1361 300 1407 sua
315 1338 485 1430 Skufeyae
503 1338 680 1408 consedit.
739 1341 812 1410 Res
831 1354 978 1425 autem,
1012 1337 1104 1404 sicut
1116 1355 1180 1401 rex

233 1441 367 1507 Olavus
383 1437 623 1528 praedixerat,
650 1438 803 1524 cecidit3
836 1463 925 1508 nam
947 1439 1003 1506 vir
1027 1435 1179 1526 quidam,

230 1539 382 1606 nomine
404 1539 653 1630 Tlrorgrimus
675 1541 814 1627 malac,
857 1559 1024 1608 unacum
1046 1535 1181 1602 duobus

230 1639 329 1724 siliis,
355 1637 604 1729 Sigmundum
616 1637 793 1708 Breste'ris
805 1639 943 1725 filiurn,
963 1657 1050 1704 cum
1063 1647 1181 1704 natan-

232 1738 278 1806 do
301 1737 523 1830 defatigatus
549 1754 661 1828 esset,
696 1739 737 1807 in
751 1740 916 1830 Sudreya
930 1739 1014 1806 loco
1034 1733 1182 1804 Sandvik

232 1837 350 1926 dicto,
377 1839 473 1906 clam
488 1841 649 1926 necavit,
676 1853 720 1906 ut
739 1840 883 1908 armilla
897 1839 939 1906 ab
954 1851 1095 1926 satrapa
1110 1838 1180 1904 Ha-

230 1937 329 2006 lrono
355 1935 489 2004 donata
504 1939 708 2028 potiretur,
743 1937 1061 2030 quemadmodum
1077 1934 1116 2008 in
1126 1932 1181 2000 hi·

230 2035 343 2104 storia
361 2039 388 2105 F
390 2038 637 2128 aereyensium
652 2040 843 2108 memoriae
857 2037 1052 2128 proditum
1065 2049 1126 2104 est.

240 2289 244 2302 ,
294 2204 468 2294 Grimus,
507 2207 611 2276 aulae
630 2207 842 2300 praefectus
868 2207 969 2302 regia
998 2200 1124 2293 Olavi,

587 2306 821 2396 interfectus.

329 2437 415 2528 Cap.
432 2446 503 2510 208.
556 2443 693 2508 AEstate
710 2441 869 2532 quadam
876 2441 930 2510 vir
945 2439 985 2508 in
993 2435 1184 2508 islandiam

229 2536 348 2624 venit,
374 2537 534 2606 nomine
543 2538 702 2626 Grimus,
729 2540 1033 2632 gentelslandus,
1048 2538 1111 2628 qui
1124 2536 1185 2604 diu

229 2657 386 2727 peregre
406 2635 592 2720 abluerat5
631 2638 662 2706 is
688 2640 830 2708 aulicus
855 2653 934 2710 erat
959 2638 1058 2731 regis
1084 2635 1185 2704 Olavi

230 2735 411 2828 Tryggvii
423 2735 508 2825 filii,
535 2737 688 2828 ejusque
701 2755 850 2829 proreta
866 2737 1096 2829 aliquamdiu
1108 2735 1184 2802 fue·

228 2849 309 2920 rat,
338 2835 439 2904 idern
461 2849 600 2904 statura
617 2850 653 2904 et
667 2841 801 2908 robore
822 2841 1052 2930 conspicuus.
1105 2835 1184 2906 Gri-

228 2935 363 3007 musio
377 2935 533 3004 Islandia
542 2936 707 3006 hiemem
720 2942 915 3034 transegit,
940 2935 1185 3028 sequentique

229 3049 353 3102 aestate
377 3036 422 3104 ad
445 3035 594 3104 comitia
621 3037 807 3128 equitavit.
875 3044 982 3112 Tunc
1009 3034 1185 3126 temporis

228 3135 408 3206 Tkorkell
430 3137 561 3206 Trefill
585 3136 750 3229 (fascia),
782 3136 1048 3224 Raudabjarnii
1075 3133 1188 3220 filine,
1236 3117 1237 3188 l

227 3234 507 3304 Svinaskardiin
520 3235 777 3328 Borgarfjordo·
796 3239 1039 3328 ²)habitavit3
1065 3237 1184 3310 Thor-

226 3333 304 3402 kell
324 3333 481 3402 comitiis
499 3336 687 3420 interfuit3
707 3339 839 3406 accidit
853 3351 981 3406 autem
992 3361 1089 3425 casu,
1106 3357 1185 3404 nes—

228 3432 284 3500 cio
309 3456 398 3522 quo,
432 3457 518 3502 cum
543 3432 590 3502 ad
613 3436 707 3519 juris
732 3438 882 3508 dicundi
899 3461 1034 3528 rupem
1055 3437 1184 3518 iretur,

169 3545 171 3554 ’
225 3545 270 3602 ut
286 3533 467 3602 Thorkell
484 3535 615 3604 Trefill
627 3536 807 3626 collapsus
826 3537 1185 3628 pedibutlrominnm

227 3634 518 3722 conculcaretur,
535 3654 669 3726 magna
679 3657 717 3704 se
727 3638 922 3731 ingerente
933 3639 1053 3728 turba.
1066 3635 1185 3708 Thor-

224 3730 321 3822 kell,
353 3751 439 3800 cum
463 3756 500 3802 se
521 3733 563 3803 in
584 3735 695 3827 pedes
711 3737 935 3828 excepisset,
957 3736 1013 3806 ira
1034 3755 1185 3830 magno·

222 3886 483 3904 Μ-

228 3959 253 4028 ¹)
263 3960 323 4030 lyei
336 3955 443 4033 r'jsylu’r
463 3957 517 4034 «ἰὲῗί
532 3975 560 4016 nt
576 3965 649 4039 eiga,
679 3951 812 4040 possidere
828 3989 883 4022 non
899 3969 992 4040 capio,
1011 3969 1042 4020 B.
1057 3965 1105 4034 (λς
1135 3981 1185 4034 tum

262 4054 376 4123 praeced.
392 4074 434 4118 en,
455 4053 509 4106 sed.
552 4051 579 4123 ⁸)
590 4060 626 4110 sic
638 4059 667 4108 B.
685 4058 714 4112 C.
731 4059 760 4110 F.
773 4060 1001 4134 Breirlofi'oreloA.
1019 4060 1047 4112 S.
