2528 4770
292 245 402 342 320„
588 262 880 342 m,
1098 251 1206 322 raso.
1252 295 1253 350 ,

240 475 338 543 Cum
353 491 441 542 vero
468 468 616 543 Eirikus
643 484 788 562 satrapa
811 469 853 545 in
873 483 1132 544 narem'suam
1150 493 1209 538 re·

240 589 418 660 cesserat,
442 589 508 640 rex
523 573 676 640 Olavus:
704 573 812 662 quid,
838 572 981 664 inquit,
1008 587 1209 660 satrapam·

238 699 289 742 ne
303 697 403 742 nunc
415 671 649 760 exSerpeute
667 672 883 762 repulistis?
905 673 1051 742 Dicunt
1064 672 1120 738 ita
1134 671 1209 766 fac-

239 789 333 845 tum.
391 777 547 842 Factum
569 771 745 862 viriliter,
762 826 764 834 ,
783 775 836 842 ait
847 795 935 859 rex,
967 771 1008 838 id
1020 771 1122 862 quod
1146 795 1209 838 ex·

238 873 400 964 spectari
424 871 570 962 potuit,
604 894 692 952 nam
709 886 855 964 satrapa
880 893 948 942 uos
973 895 1050 942 non
1070 871 1206 960 vincet,

241 975 331 1044 dum
345 974 512 1045 Thorem
526 971 680 1043 habebit
693 973 734 1042 in
749 995 859 1062 prora
868 973 970 1042 navis
980 995 1070 1043 suaa.
1092 1010 1106 1034 ·.
1123 973 1207 1041 Hoc

239 1072 372 1162 multi,
406 1087 445 1142 et
463 1071 542 1162 ipse
566 1094 720 1163 quoque
738 1073 888 1148 Eiriltus
912 1085 1078 1162 satrapa,
1101 1071 1207 1140 *audi*

239 1197 337 1242 vere.
391 1172 487 1238 Cum
504 1185 631 1240 autem
646 1193 787 1265 magna
798 1173 965 1246 militum
978 1172 1208 1262 perstabat·-

240 1275 337 1342 bone
360 1269 613 1359 occubuisset,
639 1287 678 1340 et
693 1274 882 1363 plerique,
909 1272 975 1361 qui
990 1269 1206 1362 superstites

242 1387 366 1462 erant,
393 1370 555 1464 graviter
580 1387 702 1440 essent
724 1374 859 1461 saucii,
885 1373 1035 1444 Eirikus
1050 1385 1205 1459 satrapa,

240 1487 336 1540 utet
354 1473 535 1556 universae
549 1476 746 1544 Danorum
758 1487 797 1544 et
813 1473 991 1543 Srionum
1006 1472 1134 1560 copiae,
1162 1469 1208 1538 ad

241 1586 382 1640 terram
398 1573 655 1662 appellebant,
687 1573 749 1642 hic
776 1573 947 1644 ductores
971 1570 1208 1642 exercituum

243 1672 397 1740 consilia
418 1671 677 1758 conserebant,
714 1695 787 1761 quo
810 1687 992 1762 pactores
1014 1669 1208 1760 expedire·

240 1785 327 1840 tur.·
370 1775 473 1858 Tum
493 1771 638 1854 Eirikus
661 1787 828 1862 satrapa:
850 1771 931 1840 haec
950 1785 1133 1861 perpetua
1152 1768 1209 1860 ig-

241 1870 410 1940 nominia
421 1884 488 1958 est,
506 1889 587 1960 quae
602 1870 703 1961 fama
716 1869 979 1959 celebrabitur,
999 1871 1208 1938 dumtcrrae

242 1970 565 2060 septemtrionales
592 1970 635 2038 ab
649 1969 961 2041 inhabitatoribus
982 1971 1207 2054 incolantur,

243 2069 276 2137 si
292 2071 429 2138 Olavus
446 2069 627 2161 Tryggvii
644 2069 743 2162 filius
762 2094 783 2138 a
799 2071 904 2139 nobis
926 2093 1003 2140 non
1015 2069 1130 2138 fuerit
1147 2065 1210 2134 de-

241 2169 381 2256 victus,
408 2168 474 2258 qui
486 2182 607 2236 tantas
623 2170 830 2242 habeamus
848 2170 1042 2260 copiarum
1055 2165 1210 2258 reliqui-

242 2293 300 2356 as,
327 2283 371 2336 ut
390 2269 513 2352 hostes
529 2270 635 2342 nullo
652 2256 762 2360 modo
778 2271 942 2362 effugere
957 2271 1117 2360 possint,
1143 2269 1209 2337 ille

242 2391 330 2441 vcro
355 2392 478 2454 urtam¹
491 2382 641 2438 tantum
655 2392 806 2458 navem,
830 2371 1121 2460 eamquemulto
1139 2367 1210 2436 mi-

241 2469 309 2546 lite
327 2467 527 2551 nudatam3
552 2469 651 2559 agite
666 2490 772 2561 ergo,
798 2493 864 2538 rex
875 2474 1073 2552 Danorum
1088 2481 1126 2536 et
1143 2489 1212 2536 rex

243 2568 441 2640 Suionum!
470 2569 654 2655 auxilium
670 2569 765 2637 mihi
778 2569 961 2656 adjunctis
978 2569 1092 2658 copiis
1099 2569 1209 2656 ferte,

243 2683 287 2736 ut
307 2667 439 2735 ulcisci
452 2671 588 2756 queam
612 2683 759 2756 patrem
778 2693 926 2758 meum,
954 2681 992 2738 et
1006 2669 1106 2736 hauc
1123 2691 1211 2736 con-

242 2767 441 2834 tumeliam
476 2775 504 2834 a
522 2767 627 2834 nobis
655 2768 827 2837 omnibus
844 2771 1041 2852 'averterc3
1068 2767 1213 2836 accidet

244 2865 349 2934 enim
367 2865 475 2934 nobis
495 2866 756 2958 principibus,
776 2881 922 2938 utente
942 2867 1037 2956 dixi,
1063 2881 1108 2936 ut
1127 2869 1210 2936 uni·

243 2965 342 3033 versi
356 2965 398 3034 in
412 2965 728 3055 vituperationem
738 2966 1067 3038 hominumcasuri
1081 2968 1212 3056 simus,

242 3065 484 3156 maximeque
499 3063 545 3152 ii,
573 3065 637 3158 qui
653 3063 906 3156 potentissimi
927 3081 1032 3156 sunt,
1060 3063 1092 3134 si
1108 3091 1213 3136 nunc

245 3161 379 3234 evadet
394 3186 482 3235 cum
494 3163 607 3256 copiis
622 3165 698 3234 suis
714 3191 780 3236 rex
795 3167 942 3240 Olavus.
959 3217 963 3224 -
988 3161 1103 3256 ¹Cum
1121 3191 1211 3236 vero

243 3261 394 3344 Eirikus
416 3279 561 3356 satrapa
582 3261 698 3336 finem
724 3261 872 3339 dicendi
901 3263 1061 3356 fecerat,
1090 3269 1212 3338 oratio

246 3365 328 3451 eius
348 3367 558 3438 multorum
578 3389 730 3438 assensu
754 3370 1093 3462 comprobataest3
1120 3368 1212 3437 deli·

243 3464 373 3536 berata
386 3487 448 3555 re,
475 3468 648 3538 convenit
662 3467 761 3540 inter
778 3489 885 3562 reges
901 3473 929 3537 a
946 3483 1154 3558 satrapam,
1171 3481 1214 3536 ut

243 3563 647 3658 auxiliumcopiarum
673 3567 799 3638 Eiriko
825 3584 978 3660 satrape
1008 3567 1212 3656 traderent,

245 3667 378 3754 quibus
391 3666 611 3758 Serpentem
625 3669 908 3758 aggrederetur,
934 3669 1038 3737 idem
1054 3669 1214 3756 Serpen-

245 3777 325 3832 tem
337 3766 496 3858 longum
509 3768 735 3856 omnemque
752 3767 933 3858 praedam,
960 3767 1066 3854 cujus
1082 3767 1138 3834 ibi
1151 3770 1213 3836 fie-

245 3877 306 3933 ret
324 3863 443 3954 copia,
468 3867 689 3958 possideret,
711 3871 745 3938 si
760 3886 890 3961 regem
907 3869 1069 3938 Olav'um
1090 3865 1214 3936 debel-

246 3965 324 4032 lare
352 3967 495 4054 posset,
540 3965 707 4060 quisquis
732 3981 873 4050 ¹autent
889 3967 1050 4043 ¹illoruln
1077 3968 1214 4036 triente

246 4061 441 4156 Norvegiae
469 4065 665 4164 potiretur¹
703 4143 709 4169 ·.
744 4070 914 4164 Quaeres
939 4079 1156 4160 cum-pacto
1181 4081 1215 4136 et
