2528 4770
53 274 269 343 ruu-
403 273 679 338 m
866 263 952 357 251

52 493 137 585 que
144 489 243 561 milii
259 486 307 562 de
314 486 392 558 diis
412 484 490 558 suis
506 481 702 578 dixerunt,
718 487 912 566 decretum
921 496 1032 584 mihi,
1126 487 1129 492 ¹

48 608 120 680 est,
143 611 343 683 nunquam
357 611 442 657 enm
454 599 649 678 acceptare
665 590 907 686 religionem,
934 621 1016 688 que

47 695 201 765 illorum
214 693 327 782 plane
341 688 528 758 contrarie
539 687 589 756 sit
608 689 664 780 ¹),
689 691 763 760 nisi
774 696 941 784 perfecte
958 701 1016 768 in·

47 795 247 881 tellexero,
272 803 440 859 vestrum
454 788 568 858 deum
587 802 666 860 tam
683 813 763 862 esse
779 797 1014 888 omnipoten-

47 908 142 983 tem,
169 912 286 986 quem
298 887 528 960 cumdicitis.
581 892 769 964 Tumrex
786 897 898 966 esuis
915 921 1014 988 quae·

49 995 151 1084 sivit,
184 1013 280 1086 quos
309 987 562 1080 posteaedem
587 989 741 1085 Skeggii
756 994 923 1081 Yrjensis
944 1021 1027 1089 per»

45 1108 167 1164 totum
188 1088 520 1165 Thrandheimum
543 1089 736 1181 religionis
753 1097 1015 1188 ergodimise·

45 1209 119 1284 rat,
144 1199 341 1264 nn‘verum·
358 1203 473 1278 esset,
499 1188 601 1280 quod
623 1189 837 1266 Eindridiue
857 1197 1013 1290 diceret,

47 1316 106 1364 ens
128 1317 205 1364 non
224 1291 446 1384 predicasse
465 1288 523 1356 illi
537 1311 679 1360 nomeu
693 1293 765 1363 dei.
818 1299 1023 1389 Fateatur,¹

45 1415 181 1464 verum
196 1415 298 1482 esee,
325 1392 474 1460 etenim.
483 1389 564 1478 ipee
584 1411 672 1459 cum
689 1396 1023 1468 commilitonibus·

44 1496 135 1585 suis,
159 1493 356 1586 inquiunt,
381 1489 548 1581 piraticae
561 1493 799 1564 excercenda
813 1519 903 1591 ergo
924 1519 1021 1590 prm.

44 1595 160 1665 fectus
179 1608 279 1682 erut,
304 1603 434 1682 postea
450 1588 591 1660 excidit
605 1591 729 1682 nobis,
755 1593 827 1666 hoc
843 1598 1011 1676 indicere

45 1695 120 1766 tibi.
146 1699 249 1768 Tum
264 1716 331 1762 rex
344 1689 538 1764 Eindridio
552 1690 661 1761 dixit:
679 1693 881 1787 audistine,
897 1699 1010 1772 Eind-

45 1796 133 1883 ridi,
170 1817 235 1864 me
261 1815 373 1884 poene
401 1789 567 1860 affecisse
592 1795 796 1864 nonnullos
821 1797 1017 1888 hominess

46 1897 107 1987 qui
126 1896 166 1963 in
187 1891 447 1984 amplectenda
466 1889 652 1983 religione
667 1894 776 1962 dictis
792 1897 1009 1968 meisnbee-

45 1997 106 2088 qui
123 1993 351 2086 noluerunt?
378 2071 384 2082 „
415 1990 568 2078 Audivi,
602 1993 655 2061 nit
674 1993 912 2082 Eindridiu83
945 2022 1008 2068 ve.

44 2119 124 2166 rum
143 2095 249 2165 haud
263 2091 441 2185 equidem
454 2111 582 2190 pnrnes
596 2093 700 2162 ‚mihi
720 2095 787 2164 ebs
803 2111 841 2166 te
854 2112 983 2168 metuo
994 2123 1016 2184 3:

43 2211 85 2268 ut
95 2219 225 2266 verum
240 2193 463 2280 tibidicam,
488 2190 586 2260 nulli
594 2192 759 2284 principi
774 2194 916 2266 invitus
931 2221 1014 2268 ser-¹

43 2299 115 2367 vire
139 2295 309 2386 decrevi,
342 2292 468 2386 potius
489 2304 654 2362 mertem
676 2294 778 2386 pati,
817 2320 930 2388 quam
957 2301 1016 2368 ab.

43 2401 116 2467 ullo
133 2395 290 2466 homine
314 2395 401 2488 cogi
415 2393 536 2476 malo,
561 2407 674 2482 atque
698 2395 812 2484 scito,
836 2400 1007 2487 quemvis
1108 2444 1111 2450 ‚

42 2499 119 2570 eliis
139 2495 392 2588 aliquantulas
421 2493 542 2562 minas
566 2493 763 2586 adjeceris,
798 2496 897 2566 hene
916 2498 1012 2568 vici··

42 2599 139 2671 niam
153 2599 209 2667 ita
224 2619 303 2665 esse
323 2596 370 2664 ab
393 2591 527 2664 incolis
546 2607 735 2684 peretum,
767 2609 811 2666 ut
834 2617 913 2670 110„
939 2621 1013 2668 ne..

43 2721 137 2769 cesse
166 2699 348 2784 habeam,
383 2708 490 2764 metu
511 2707 687 2792 Ιοοαοῑιιῐη
712 2693 796 2766 aliis
830 2699 1014 2790 obsequie

42 2801 135 2890 quod
151 2800 183 2867 si
196 2819 285 2868 vero
298 2796 422 2866 nullos
435 2808 598 2864 terrores
614 2795 712 2864 mihi
726 2794 866 2870 inferre
881 2819 1002 2890 perne,

38 2900 128 2970 bene
145 2901 194 2970 de
215 2911 253 2968 te
272 2896 445 2985 merebo,
466 2913 540 2984 pro
559 2908 672 2986 captu
688 2917 775 2966 meo
793 2897 849 2989 ²),
875 2898 929 2968 ita
947 2914 1003 2968 tu·
1031 2963 1033 2974 ,

39 3021 124 3070 men
135 3016 181 3070 ut
199 2997 357 3068 eundem
370 3007 600 3086 quamautea
616 2995 840 3088 religionem
855 2998 1004 3068 simob·
1044 3086 1047 3094 Ι

40 3113 256 3171 servatum&
307 3101 408 3170 Rex:
434 3095 487 3163 ita
500 3117 546 3162 ex
566 3095 672 3164 dictis
686 3095 762 3164 tuis
779 3097 928 3185 judicu,
962 3112 1002 3168 te

37 3201 226 3278 hominem
242 3219 321 3270 esse
336 3197 453 3266 libere
470 3197 701 3287 loquentem,
716 3197 857 3288 quique
869 3221 1004 3270 verum

38 3301 184 3372 tandem
205 3297 421 3393 perspicere
449 3299 588 3388 sapias,
623 3295 669 3364 de
692 3298 751 3366 his
778 3311 906 3368 autem
929 3297 1022 3368 heco

38 3401 111 3472 vice
129 3423 211 3474 non
232 3400 342 3492 plura
365 3399 515 3488 loquer,
543 3419 655 3488 quam
672 3397 742 3466 tibi
759 3398 1015 3469 commodum:

37 3502 220 3586 videatur,
244 3499 439 3570 illudvero
457 3520 667 3566 memorare
681 3498 791 3586 libet,
817 3499 1011 3570 audivisse·

37 3624 111 3693 me,
135 3601 176 3670 id
192 3601 294 3692 quod
305 3621 437 3668 verum
455 3619 534 3666 esse
550 3597 794 3688 crediderim,
811 3599 1006 3668 teertium‘

36 3703 165 3792 peritia
184 3703 276 3770 alios
296 3699 543 3781 anteceller05
577 3721 751 3788 quaenam
776 3712 863 3768 sunt
886 3713 999 3785 artes,

37 3825 119 3892 quas
140 3825 254 3894 eupra
274 3802 410 3893 vulgus
428 3799 568 3868 callere
582 3798 653 3866 tibi
672 3799 837 3868 videris?
886 3799 1008 3874 Eind··

38 4019 59 4085 ¹)
67 4038 195 4091 quemque
209 4021 291 4088 ignoti
306 4019 425 4070 homines
440 4017 563 4088 nullaque
578 4017 644 4070 mihi
654 4021 844 4072 necessitudine
855 4022 936 4084 juncti
948 4037 999 4068 ur·

66 4115 201 4176 nunciant,
222 4107 282 4160 edd.
296 4109 326 4158 Β.
390 4107 418 4174 ⁸)
427 4120 452 4161 et
465 4113 521 4162 eine
535 4112 607 4162 enini
620 4110 710 4162 smerde
718 4149 726 4176 ,
745 4111 806 4164 edd·
821 4110 853 4159 Β.
