2502 4774
299 257 386 362 128
596 276 864 350 ··““·““““.·
1095 279 1194 352 reso.

235 485 455 579 lapidesque
472 485 700 574 sepulcrales
713 484 821 570 juxta
837 484 978 573 erecti,
1001 481 1068 576 qui
1082 481 1196 550 adhuc

235 589 322 662 heic
334 589 375 656 in
389 586 648 676 promontorio
664 599 783 670 stant,
819 587 884 656 sed
897 587 938 654 in
952 586 1025 656 alio
1040 585 1193 669 tumulo,

235 688 339 758 haud
349 688 483 778 procul
496 685 597 773 hinc,
624 686 746 774 posita
763 700 948 756 estracca.
1001 683 1194 758 Taliaalia-

238 812 311 880 que
331 787 496 878 plurima
518 787 563 853 de
583 786 716 876 priscis
731 789 843 855 rebus
863 801 901 855 et
914 786 1066 879 regibus
1078 807 1193 852 narra-

236 891 300 961 vit.
354 889 452 956 Cum
463 899 590 956 autem
597 888 639 956 in
655 888 817 956 multam
826 901 979 956 noctem
995 887 1196 956 sessitatum

238 1003 356 1074 esset,
389 987 586 1078 episcopus
608 1007 741 1079 regem
756 988 924 1076 monuit,
956 1003 1106 1076 tempus
1126 1007 1195 1052 esse

239 1089 414 1158 cubitum
437 1089 571 1172 eundi,
604 1087 705 1178 quod
723 1102 761 1156 ct
781 1077 961 1158 rex'fecit.
1015 1086 1090 1180 Qui
1103 1097 1194 1174 post-

239 1213 353 1280 quam
373 1189 537 1258 vestibus
552 1203 686 1256 exutus
704 1188 745 1256 in
764 1189 862 1258 lecto
880 1209 920 1256 se
935 1200 1196 1276 composuerat,

239 1312 354 1366 senex
369 1289 434 1358 ille
449 1288 589 1357 advena
603 1287 734 1377 adfuit,
761 1302 799 1358 et
808 1292 1011 1360 inscamno
1019 1287 1109 1356 lecti
1122 1309 1195 1354 con-

239 1391 381 1477 sidens,
415 1410 606 1458 sermones
623 1389 689 1458 diu
712 1413 800 1458 cunr
814 1411 904 1483 rege
917 1387 1088 1475 miscuit,
1118 1409 1196 1456 nem

237 1489 339 1583 regi,
375 1491 490 1558 verbo
517 1489 635 1577 dicto,
664 1491 822 1558 verbum
845 1491 973 1559 deesse
1000 1487 1193 1558 videbatur.

238 1589 420 1684 Sigurdus
451 1589 715 1681 episcopusin
741 1591 859 1680 lecto,
902 1589 1004 1684 regis
1022 1588 1195 1680 proximo,

167 1711 170 1719 '
239 1691 391 1776 cubuit5
419 1713 508 1759 cum
524 1715 611 1760 vero
629 1713 695 1759 rex
710 1690 777 1777 diu
791 1693 1030 1784 tigilaverat,
1070 1688 1196 1780 episco-
1237 1717 1238 1750 t

238 1812 310 1882 pus
335 1789 504 1878 monuit,
537 1805 689 1880 tempus
713 1813 793 1860 esse
823 1790 1054 1873 dormiendi3
1093 1809 1197 1878 quare

238 1915 306 1959 rex
323 1889 365 1960 in
383 1890 594 1980 pulvinaria
614 1913 653 1960 se
678 1893 893 1981 reclinavit,
925 1892 1054 1964 dolens
1071 1911 1198 1958 sermo·
1218 1902 1222 1911 ¹

237 2013 328 2065 nem
349 1990 633 2077 intermissum,
671 1991 812 2064 advena
834 2015 922 2062 vero
951 1993 1054 2064 exiit.
1117 1993 1197 2074 Rea,

238 2089 437 2180 repentino
457 2092 609 2182 altoque
632 2115 762 2164 somno
792 2116 1009 2185 oppressus,
1049 2091 1197 2186 graviter

239 2192 438 2282 stertebat5
462 2194 574 2282 paulo
583 2207 669 2283 post
678 2195 973 2288 expergefactus,
999 2188 1200 2262 adrenaubi

241 2305 337 2363 esset
353 2293 543 2382 quaesivit,
571 2305 745 2385 'eumque
767 2295 905 2364 arcessi
921 2294 1052 2382 jussit,
1083 2289 1200 2382 quaesi·

158 2477 160 2482 Α
239 2406 325 2460 tum
341 2392 437 2482 itur,
471 2417 543 2465 nec
563 2393 711 2486 uspiam
734 2393 911 2466 inventus
928 2409 1004 2479 est,
1034 2408 1117 2462 tum
1133 2413 1201 2459 sur·

239 2492 338 2562 rexit
356 2491 553 2582 episcopus
569 2509 607 2561 et
622 2493 788 2566 vestibus
805 2519 844 2565 se
860 2496 1010 2579 induit,
1033 2517 1100 2562 rex
1113 2514 1200 2582 que-

240 2592 368 2680 sirit,¹
392 2615 441 2660 an
469 2609 620 2683 ternpus
646 2595 791 2664 adesset
811 2595 933 2667 missae
959 2589 1200 2667 celebrande?

239 2692 448 2782 Episcopus
475 2691 528 2760 ita
550 2716 629 2762 esse
643 2695 850 2766 affirmavit.
903 2701 1007 2768 Tum
1022 2719 1090 2764 rex
1102 2691 1200 2772 vesti-

239 2792 310 2874 bus
324 2791 499 2882 indutus,
528 2817 693 2884 coquum
709 2812 747 2864 et
763 2812 967 2866 assatorem
987 2795 1122 2866 arcessi
1136 2795 1200 2880 jus-

241 2891 290 2966 sit
323 2913 459 2981 eosque
482 2895 645 2986 rogavit,
678 2897 805 2987 ecquis
826 2897 881 2966 vir
907 2897 1060 2990 ignotus
1084 2895 1200 2986 paullo

240 3004 328 3062 ante
355 2993 579 3065 accessisset.
612 2995 871 3088 Respondent:
902 2997 1006 3066 venit
1030 2997 1200 3088 profecto,

241 3091 411 3162 domine!
438 3095 484 3162 ad
502 3119 590 3185 nos,
611 3119 699 3176 cum
716 3098 1054 3168 conviviumhocce
1072 3093 1202 3188 pareri-

239 3216 337 3282 mus,
348 3193 404 3260 vir
421 3195 573 3284 quidam
588 3211 913 3292 aetateprovectus,
925 3199 1031 3270 nobis
1044 3197 1201 3292 ignotus
1237 3187 1239 3194 ’

239 3295 271 3368 is
298 3292 411 3382 dixit,
449 3296 592 3366 mirum
615 3312 799 3387 quantum
811 3301 951 3374 malam
966 3321 1047 3370 esse
1065 3317 1203 3368 carnem

241 3417 357 3484 quarn
374 3417 641 3486 coqueremus,
666 3421 789 3490 neque
808 3399 971 3493 dignam,
999 3420 1083 3490 quae
1100 3397 1141 3464 in
1154 3416 1202 3462 re-

241 3494 304 3586 gia
326 3517 455 3563 mensa
479 3511 751 3588 apponeretur,
785 3513 863 3576 tam
890 3499 1069 3587 solemni,
1100 3511 1202 3590 atque

240 3593 412 3682 instaret,
429 3593 545 3682 festo,
572 3598 631 3666 his
644 3598 751 3668 dictis
769 3599 958 3670 duonobis
975 3599 1131 3678 tradidit
1149 3598 1203 3664 bo-

240 3717 310 3762 um
333 3693 469 3786 latera,
517 3721 637 3768 crassa
662 3704 690 3768 lc
712 3699 882 3794 pingvia,
924 3725 1005 3792 quae
1034 3721 1122 3768 cum
1142 3695 1203 3764 alia

242 3797 537 3868 carnecoximus.
590 3803 670 3871 Rex
686 3801 871 3891 loquitur:
899 3797 1202 3892 proheintelltgo,

240 3893 344 3965 hunc
355 3897 516 3970 eundem
531 3899 657 3990 ipsum
671 3923 748 3970 esse
765 3926 807 3972 ac
826 3903 1028 3991 advenam,
1054 3899 1119 3990 qui
1131 3893 1203 3964 heri

240 4016 395 4086 vespere
434 3999 633 4069 nobiscum
670 4003 880 4071 collocutus
910 4017 986 4086 est3
1029 4003 1085 4070 ite
1114 4017 1203 4068 nunc

242 4119 355 4188 quam
369 4096 566 4190 citissime,
593 4117 704 4193 atque
730 4103 800 4172 ista
815 4103 952 4173 cibaria
970 4101 1097 4174 omnia
1117 4121 1204 4168 com-
