2502 4774
265 279 368 373 1‘101
545 289 832 367 -’.-·--····-’..
1018 293 1022 300 ’
1054 301 1172 368 nac:-

198 517 274 586 hu'c
294 512 443 600 novitii,
475 512 576 582 sein
599 511 814 582 doctoribus
828 517 879 582 'et
901 513 1046 583 clericis
1069 515 1163 606 stipe

201 614 433 684 sublevandis
461 613 574 682 nimis
602 635 732 704 parcos
752 615 982 704 praeberent,
1024 615 1164 684 facturn

202 729 275 803 est,
300 727 344 782 ut
361 715 476 802 bona,
502 737 583 804 quae
603 737 670 782 rex
692 714 828 782 Olavus
840 713 916 781 ‘aedi
931 736 1044 782 sacrae
1062 715 1164 782 attri-

199 815 351 901 buerat,
390 815 464 882 cito
484 827 804 882 consumerentur.
871 813 1175 906 Thangbrandus·

199 930 347 1001 autem,
375 935 461 982 cum
477 914 626 982 solitam
638 913 923 1004 magnificentiae
944 927 982 982 et
1002 914 1164 982 liberali-

136 1055 138 1060 ·
198 1016 286 1082 tatis
300 1015 604 1082 consvetudinem
617 1025 748 1082 tenere
764 1014 992 1104 desperaret,
1015 1014 1090 1082 nisi
1105 1013 1164 1082 ad-

199 1114 431 1184 vectionibus
449 1114 505 1182 rei
518 1113 694 1182 familiari
713 1113 963 1201 subvenisset,
996 1113 1164 1182 ethnicos

199 1215 300 1282 bello
323 1213 497 1303 persequi
513 1226 550 1280 et
569 1213 710 1303 praedas
728 1234 840 1306 agere
856 1213 1021 1302 occepit,
1055 1225 1163 1302 atque

201 1314 252 1382 sic
275 1337 314 1380 se
336 1313 593 1403 familiamque
614 1312 842 1382 sustentavit.
895 1314 1038 1406 Quibus
1055 1313 1164 1381 rebus

199 1413 423 1504 factumest,
450 1414 546 1482 utin
556 1411 686 1482 odium
700 1414 799 1506 regis
810 1413 917 1485 Olavi
932 1417 1163 1496 incurrerem

199 1537 266 1582 rex
292 1514 392 1582 enim
417 1534 549 1603 pacem
572 1513 645 1580 toti
658 1533 774 1605 regno
796 1513 1088 1594 conservandam
1110 1511 1165 1581 in·

200 1613 359 1700 dixerat,
408 1634 613 1703 omnesque
637 1612 995 1702 depopulationes&
1020 1612 1165 1702 rapinas

198 1727 386 1800 vetuerat,
419 1713 491 1782 nisi
508 1713 539 1780 si
555 1713 636 1803 ipse
649 1712 805 1798 injurias
822 1711 962 1806 civium
978 1711 1165 1782 vindicare

199 1813 443 1896 decrevisset,
477 1826 706 1903 quapropter
723 1811 1047 1903 Thangbrandum
1065 1812 1111 1880 ad
1128 1834 1165 1879 se

198 1913 334 1982 arcessi
346 1913 464 1998 jussit.
501 1911 1165 2004 ThangbrandusregaminThrand·

196 2012 324 2081 heimo
347 2012 557 2100 convenit,·
582 2034 655 2102 quo
678 2025 849 2102 tempore
876 2011 1022 2080 Stefner
1047 2033 1167 2102 nuper

198 2112 242 2180 ab
265 2111 425 2180 Islandia
448 2111 666 2200 advenerat,
700 2127 744 2180 ut
768 2111 880 2180 modo
901 2126 1163 2180 memoratum.

199 2210 274 2304 Qui
288 2234 375 2280 cum
389 2231 520 2304 regem
539 2211 792 2300 convenisset,
819 2233 887 2280 rex
902 2235 988 2279 eum
1005 2211 1167 2304 graviter
1244 2279 1245 2288 ,

104 2321 106 2326 ’
198 2309 399 2402 increpuit,
426 2311 616 2402 inquiens:
642 2313 1074 2380 malamrerumtuarum
1085 2334 1166 2380 mu·
1244 2289 1245 2375 i

198 2411 383 2480 tationem
399 2411 599 2500 induxisti,
631 2411 697 2502 qui
711 2410 895 2501 piraticae,
920 2433 1027 2480 more
1046 2411 1166 2480 ethni·
1243 2489 1244 2502 χ

200 2533 354 2598 corum,
385 2533 539 2600 operam
557 2511 644 2600 des,
678 2524 791 2600 teque
809 2525 846 2578 et
862 2510 953 2580 alios
970 2510 1110 2601 rapinis
1129 2523 1166 2577 et

197 2609 332 2700 praedis
355 2625 555 2697 sustenteS,
593 2633 681 2680 cum
695 2607 763 2678 deo
784 2610 923 2678 servire
945 2609 1165 2702 divinusque

199 2709 328 2777 doctor
351 2709 474 2777 vocari
490 2709 700 2795 debuissem
716 2709 835 2778 'certo
854 2710 964 2798 scias,
997 2725 1035 2779 te
1055 2731 1165 2802 prop-

198 2822 257 2876 ter
274 2810 346 2876 hoc
363 2809 487 2876 omnia
500 2809 680 2878 beneficia
697 2811 938 2900 amissurum,
971 2831 1164 2902 regnoque

197 2931 284 2978 meo
310 2910 568 2977 exulaturum..
620 2909 919 3002 Thangbrandus
946 2911 1163 3000 respondet:

198 3008 361 3100 graviter
383 3008 542 3098 deliqui,
574 3011 729 3078 obsecro
746 3025 892 3099 tamen,
928 3009 1095 3078 domine!
1121 3023 1171 3078 ut.

197 3131 326 3178 rerum
336 3131 506 3184 mearum
514 3109 735 3198 miserearis,
761 3110 931 3199 mihique
945 3110 1070 3200 potius
1088 3132 1165 3200 poe-

196 3233 285 3277 nam
307 3208 472 3298 aliquam
491 3222 556 3276 aut
578 3209 729 3278 difficile
753 3211 951 3301 negotium
974 3210 1163 3302 injungas,
1240 3223 1241 3291 l

198 3331 311 3397 quam
335 3323 379 3376 ut
391 3331 453 3378 me
480 3309 591 3376 exilio
614 3310 753 3378 multas
772 3324 837 3378 aut
853 3311 915 3378 abs
930 3323 968 3376 te
982 3312 1163 3401 repellas,

198 3407 323 3476 omnia
340 3407 461 3495 enirn,
494 3431 576 3497 quae
591 3422 743 3498 potero,
769 3410 903 3478 lubens
919 3409 1044 3478 subire
1066 3413 1162 3500 vole,
1239 3437 1240 3521 p

196 3529 244 3576 ne
265 3505 360 3574 iram
385 3510 490 3574 tuam
516 3508 695 3596 experiar.
747 3511 827 3580 Rex
844 3509 1030 3600 loquitur:
1064 3512 1165 3601 quod

197 3606 229 3674 si
252 3606 349 3674 tanti
375 3629 458 3675 mea
483 3607 602 3698 gratia
618 3609 718 3698 apud
738 3623 776 3676 te
798 3609 866 3698 sit,
901 3610 942 3678 in
961 3610 1163 3678 Islandiam
1238 3649 1239 3696 3

195 3706 455 3792 transmittito,
473 3753 476 3764 ·
492 3720 529 3777 et
553 3707 620 3776 deo
641 3709 791 3794 juvante
809 3731 960 3778 omnem
977 3713 1163 3800 populum
1238 3707 1239 3749 ¹

196 3806 411 3876 adrectam
432 3805 546 3876 fidem
571 3809 802 3892 convertit03
838 3809 937 3900 quod
959 3809 991 3876 si
1013 3810 1162 3878 efficere

195 3906 384 3995 potueris,
430 3906 469 3973 in
492 3930 597 3995 spem
618 3909 744 3978 venies
768 3908 1034 3998 pristinorum,
1083 3910 1161 3978 imo
1237 3903 1238 3979 l

195 4006 400 4091 majorum,
434 4005 695 4078 benificiorum
709 4013 739 4078 ¹&
753 4009 957 4084 honorum.
976 4042 980 4050 ·
1011 4010 1161 4102 Theng-

194 4105 355 4174 brandus
370 4106 536 4196 reponit:
564 4130 862 4200 quocunqueme
878 4108 1159 4197 mitterevoles,
1236 4117 1237 4207 l
