2502 4774
38 285 89 352 rer
104 284 137 346 o.
384 289 651 332 ··-········
877 269 937 376 89

37 500 79 570 ris
94 512 131 569 et
145 495 340 586 Beineris,
366 519 458 588 quos
472 497 616 568 nonita
631 495 779 589 pridem
795 497 994 572 occidistis.

38 601 161 688 Certo,
187 598 386 672 Tltrandus
402 594 545 689 inquit,
574 598 696 692 cogito
713 599 765 668 ita
780 621 870 668 esse.
923 605 996 674 Ne-

37 723 234 791 quaquam,
262 699 315 767 ait
330 698 472 787 Hrafn,
500 699 553 768 ite
569 697 608 772 in
625 721 750 770 meam
769 713 996 791 potestatem

34 801 191 890 venient,
230 815 274 869 nt
301 822 364 871 eos
386 799 546 895 pecunia
571 823 703 872 emam.
771 801 993 876 Thrandus:

35 901 262 974 remittamus
276 900 404 996 itaque
420 900 493 974 siet
521 901 582 972 hic
599 899 766 995 quinque
785 915 871 980 sunt
884 901 996 975 minsa

35 1016 228 1094 argenteae,
256 1023 347 1091 quas
364 1001 435 1070 tibi
459 999 575 1090 dabo,
609 1012 653 1072 ut
677 1023 739 1070 eos
760 1013 890 1082 tecum
911 1025 994 1073 ave-

35 1101 106 1188 has,
134 1115 172 1170 et
186 1115 288 1173 certo
306 1101 521 1192 provideas,
546 1100 649 1188 fore,
674 1115 933 1192 utnunquam
951 1103 994 1170 in

35 1203 192 1294 Fereyas
212 1215 343 1291 postea
360 1203 521 1276 veniant.
584 1203 675 1276 Haec
698 1201 824 1274 dicens
849 1201 994 1274 Thron-

36 1301 94 1372 dus
116 1317 318 1394 argentum
339 1303 485 1394 gremio
522 1301 783 1396 gubernatoris
815 1299 993 1392 infundit,

35 1401 117 1493 legit
134 1416 171 1471 et
185 1415 361 1478 numerat
379 1402 424 1476 ei.
477 1405 613 1478 Pulcra
626 1401 761 1476 Hrafni
773 1403 995 1494 pecuniave

35 1523 84 1584 sa3
105 1502 136 1576 is
148 1501 267 1576 fatur:
295 1523 364 1597 ego
384 1525 470 1574 vero
494 1501 696 1596 pecuniam
717 1502 919 1593 accipiam,
955 1517 994 1575 et

34 1623 179 1690 pueros,
220 1603 251 1670 si
281 1604 354 1692 vis,
395 1604 598 1698 accipiam,
639 1625 764 1698 neque
784 1601 991 1692 remittam,

34 1725 147 1791 neque
165 1703 245 1792 ipse
257 1703 449 1792 revehema
476 1704 542 1774 sed
556 1703 586 1772 si
597 1725 659 1778 oos
674 1703 886 1791 vendidero,
901 1703 993 1774 aliou

33 1823 71 1869 ve
88 1802 197 1876 modo
216 1803 301 1892 fiat,
334 1818 378 1872 ut
399 1806 469 1879 sub
495 1828 581 1875 mea
601 1817 787 1899 potestate
810 1826 888 1874 non
904 1802 994 1892 sint,

33 1901 68 1970 in
82 1925 141 1970 me
156 1904 326 1994 recipere
342 1927 419 1973 non
427 1925 600 1998 possum,
628 1903 661 1972 si
675 1903 863 1978 redibunt.
893 1899 993 1974 Cum·

32 2003 408 2092 pactumhacratione
417 2004 516 2079 inter
527 2028 589 2078 eos
599 2003 993 2093 convenisset,Thran-

34 2103 93 2170 dus
112 2102 224 2192 abiit,
259 2102 381 2178 Hroin
401 2127 539 2195 pueros
555 2127 685 2173 secum
703 2104 746 2172 in
763 2103 991 2196 Norvegiam

33 2202 168 2291 avehit,
195 2205 261 2274 ubi
278 2227 365 2278 curn
384 2229 428 2274 eo
445 2202 658 2298 Tunsbergi
670 2203 767 2274 bene
782 2204 901 2272 habiti
910 2204 990 2275 hie-

32 2325 124 2370 mem
139 2317 417 2398 transegerunt.
471 2309 568 2376 Vere
586 2303 757 2396 sequenti
777 2302 897 2375 Hrafn
916 2303 989 2374 iter

31 2402 65 2470 iu
84 2425 185 2474 mare
210 2405 393 2478 orientale
416 2405 658 2499 (balthicum)
680 2418 804 2494 parat3
835 2425 990 2494 pueros·

33 2524 99 2590 que
120 2502 350 2598 interrogat,
384 2506 572 2597 quomodo
598 2517 698 2574 sorte
723 2525 789 2576 sua
810 2503 886 2578 sint
902 2526 990 2576 con-

31 2603 128 2675 tenti,
181 2605 411 2700 Sigmundus
432 2607 500 2679 ait:
528 2607 626 2682 bene
641 2604 811 2698 quidem,
842 2625 911 2696 pro
931 2625 988 2692 eo,

32 2701 169 2791 quando
185 2705 225 2778 in
238 2721 424 2798 potestate
443 2705 613 2784 Tlrrandi
628 2705 781 2778 fuimus.
834 2713 892 2782 An
904 2727 990 2795 pae-

31 2816 107 2870 tum
124 2821 355 2880 conventum
365 2807 465 2881 inter
479 2831 540 2874 me
558 2820 596 2874 et
614 2805 836 2880 Thrandum
848 2803 989 2876 nostis?

31 2901 221 2978 aitHrofn.
274 2907 476 2995 Novimus,
503 2903 809 3000 aitSigmundus.
847 2903 986 2980 Hrefn:

30 3005 158 3074 rationi
172 3008 371 3082 convenire
387 3021 500 3099 puto,
526 3029 589 3076 vos
604 3007 694 3080 hino
711 3026 779 3096 per
808 3027 870 3076 me
896 3005 988 3078 libe-

29 3126 81 3170 ros
90 3107 204 3194 abire,
218 3107 663 3203 quocunquevolueritis5
681 3104 883 3201 pecuniam
896 3125 989 3196 quo-

30 3227 113 3296 que,
148 3229 261 3303 quam
285 3213 330 3282 ab
348 3209 526 3284 Thrando
544 3208 691 3303 accepi,
724 3205 770 3279 ad
792 3203 909 3276 vitam
927 3225 988 3274 su·

29 3308 254 3380 stentandam
262 3309 449 3397 habetote,
467 3309 607 3402 quippe
618 3309 684 3400 qui
695 3307 735 3382 in
750 3305 989 3398 ignotaterra

28 3405 183 3476 nimium
196 3429 312 3498 quam
330 3409 461 3482 auxilii
478 3410 609 3498 inopes
630 3409 729 3492 sitis,
754 3420 867 3499 atque
883 3405 988 3495 equi-

29 3503 105 3575 dem
117 3507 243 3588 vosob
260 3532 342 3580 earn
360 3531 512 3582 causam
524 3509 686 3582 maxime
700 3507 848 3598 recepi,
885 3505 987 3596 quod

27 3604 236 3700 intelligere
258 3608 355 3682 mihi
373 3609 473 3681 visus
497 3632 599 3697 sum,
635 3631 745 3700 quam
761 3605 924 3700 graviter
945 3605 986 3678 in

27 3728 82 3772 ros
98 3709 298 3783 Thrandus
315 3725 411 3782 esset
425 3710 680 3798 consulturus,
708 3707 739 3775 si
752 3708 806 3774 ibi
822 3705 890 3777 sub
905 3706 986 3790 ejus

26 3820 201 3893 potestate
219 3808 393 3884 fuissetis.
446 3810 694 3903 Sigmundus,
720 3807 849 3900 gratiis
862 3806 907 3878 de
920 3805 987 3876 be-

26 3907 153 3977 neficio
178 3909 289 3998 actis,
331 3911 413 3996 ejus
438 3911 479 3979 in
499 3911 599 4002 ipsos
620 3909 888 3980 liberalitatem
905 3908 986 3976 lau-

27 4005 99 4096 dat,
128 4032 244 4100 quem
256 4011 297 4078 in
311 4013 510 4080 locumres
527 4033 603 4079 suae
619 4025 704 4078 tum
716 4009 883 4077 deductae
897 4008 982 4077 sint.

26 4107 140 4180 llrafn
155 4111 226 4180 hac
245 4125 374 4180 aestate
389 4114 575 4190 orientem
589 4133 716 4182 versus
732 4109 873 4182 Gardos
889 4107 992 4197 peti·-

1026 1991 1037 2020 1
