2502 4774
63 243 226 312 noc..¹
397 245 687 278 —-···
852 227 962 318 ,129

61 445 199 536 burite,
218 459 281 520 adt
298 449 338 520 in
353 475 455 522 mare
481 448 621 540 ejicite,
655 450 725 522 alia
750 472 837 526 vero
859 454 1036 545 vicissim:
1079 439 1082 448 ’

60 561 207 636 parate5
252 551 422 620 diabolus
461 553 563 622 enim
585 575 651 620 nos
669 551 721 620 ita
744 577 821 622 non
846 548 1018 647 decipiet,

62 659 101 712 ut
115 671 289 720 meorum
315 651 513 742 quisquam
529 667 709 722 venenato
723 652 825 723 illius
839 655 939 724 victu
960 681 1021 726 ve·

61 760 190 815 scatur.
225 753 298 822 Hic
313 776 441 821 revera
457 755 585 822 nullus
599 753 715 822 homo
731 753 815 842 fuit,
844 757 1020 846 etsivisus

64 862 131 935 est,
158 849 223 918 sed
245 851 413 921 diabolus
434 854 533 943 ipse,
566 853 681 921 totius
697 856 844 944 generis
862 850 1021 927 hu'mani

60 947 246 1038 inimicus,
268 952 432 1041 speciem
444 953 570 1022 induit
582 952 687 1022 infidi
704 953 807 1022 illius
827 955 967 1044 odinis,
979 955 1021 1027 in

9 1077 10 1082 κ
64 1071 172 1138 quem
187 1051 331 1120 ethnici
345 1053 518 1122 homines
537 1056 650 1145 longo
662 1069 832 1144 tempore
851 1056 1016 1124 credide-

63 1159 164 1236 runt,
192 1173 379 1242 quemque
406 1154 520 1222 deum
551 1155 767 1238 coluerunt;
799 1178 900 1224 nunc
930 1179 1018 1224 vero

65 1248 234 1338 ostendit,
261 1275 298 1320 se
311 1252 524 1322 ferventem
539 1253 701 1332 ardentis
718 1252 864 1324 invidiae
885 1269 1020 1324 aestum

64 1348 214 1418 tolerare
233 1375 310 1422 non
324 1375 444 1443 posse,
472 1375 559 1422 curn
571 1376 773 1422 numerum
789 1377 943 1424 suorum
966 1355 1019 1424 di·

64 1447 176 1517 minui
189 1449 322 1540 videat,
340 1453 555 1522 hominibus
573 1453 749 1544 potestati
764 1457 791 1522 8c
806 1455 1018 1524 voluntario

63 1547 260 1620 ministerio
288 1553 629 1646 deiomnipotentis
650 1577 689 1624 se
715 1553 1018 1640 subjicientibus,

65 1672 170 1738 quam
195 1651 240 1718 ob
272 1674 422 1722 causam
445 1676 515 1722 nos
542 1654 737 1723 malitiosae
768 1653 910 1724 astutiae
932 1653 1017 1744 reti,

65 1749 154 1838 quod
168 1747 414 1822 fraudulentis
428 1753 520 1822 dolis
537 1753 697 1822 tetendit
715 1753 935 1845 (inescavit),
960 1778 1017 1824 ca·
1076 1801 1079 1806 -

63 1871 143 1939 pere
167 1863 304 1942 tentat,
343 1877 434 1922 curn
450 1854 709 1944 tempestivam
729 1854 895 1944 quietem
910 1854 1018 1924 nobis

62 1949 214 2020 tardaret
234 1968 271 2020 et
282 1953 495 2043 impediret,
520 1977 564 2036 eo
587 1953 754 2044 consilio,
780 1968 823 2022 ut
836 1977 906 2022 nos
919 1954 1016 2041 iden,

63 2073 181 2118 somno
193 2053 344 2144 gravati,
371 2055 619 2122 constitutum
635 2067 789 2144 tempus
802 2054 917 2122 divini
939 2057 1017 2122 cul-

62 2164 113 2216 tos
141 2166 204 2220 eut
235 2155 494 2230 omitteremus
526 2166 591 2221 aut
621 2154 772 2222 omnino
808 2154 1017 2246 negligere-

62 2251 509 2344 mus5facile(fieripotest
529 2251 618 2343 ¹),nt
627 2255 818 2322 nonnullae
828 2251 907 2338 ejus
918 2267 1016 2320 astu-

62 2350 114 2418 tiae
134 2346 287 2443 posthoc
315 2367 535 2444 appareant,
582 2352 757 2422 etsi-non
783 2376 1012 2421 enumerem.

63 2450 239 2542 Quicquid
251 2455 413 2541 tandem,
437 2466 574 2542 praeter
587 2452 658 2520 hoo
676 2451 774 2542 quod
789 2451 931 2522 dictum
946 2467 1013 2541 est,

64 2553 248 2620 consilium
271 2553 387 2622 fuerit
412 2553 491 2621 veri
516 2553 635 2622 nostri
659 2551 821 2639 inimici,
866 2551 1014 2640 diaboli,

64 2653 240 2738 quodheri
253 2675 406 2744 vespere
416 2675 589 2722 somnum
604 2653 711 2723 nobis
727 2651 906 2735 tardavit,
934 2675 1015 2726 ,non

62 2748 256 2842 insperanti
271 2753 367 2822 mihi
387 2752 587 2842 ceciderit,
621 2751 660 2819 id
678 2752 708 2820 si
729 2752 853 2842 aliqua
869 2752 1014 2820 ratione

62 2849 125 2918 hoc
148 2853 207 2920 die
227 2855 390 2942 eveniat,
424 2867 467 2920 ut
487 2853 565 2938 jam
584 2851 798 2943 significavi.
851 2852 919 2921 His
939 2850 1014 2918 dic-

62 2951 102 3018 tis
118 2943 179 3020 rex
196 2952 242 3020 ad
258 2976 359 3022 sacra
379 2951 598 3022 celebranda
610 2951 696 3040 ivit,
723 2949 908 3042 missaque
931 2973 1014 3019 can·

62 3063 128 3120 tata
149 3067 210 3121 est.
316 3113 318 3120 ,
833 3093 835 3098 ·

9 3261 10 3288 v
61 3215 248 3316 Eyvindac
275 3219 399 3298 Kelda
425 3221 479 3290 ad
507 3214 806 3314 Ogvoldsnecnm
833 3213 1013 3312 appellit.

150 3355 236 3446 Cap.
255 3363 325 3428 198.
378 3355 488 3426 Nunc
512 3350 604 3422 illuc
629 3350 881 3439 redeundum,
914 3349 1024 3440 quod.

9 3523 10 3540 ,
60 3449 121 3524 hac
144 3457 271 3534 eedem
301 3469 411 3526 nocte
436 3453 602 3544 paschali
625 3451 944 3546 Eyvindus-Kelda
969 3447 1027 3518 ad.

9 3599 10 3636 3
60 3554 208 3624 insulem
219 3554 385 3645 appulit,
399 3551 612 3646 longanave
628 3567 774 3640 vectus,
798 3575 879 3641 quae
889 3551 1026 3620 incon-1

9 3639 11 3718 i
60 3656 227 3724 tatoribus
241 3669 279 3723 et
293 3656 380 3724 viris
397 3654 536 3722 artium
544 3651 777 3746 magicarum
793 3650 922 3740 peritis
935 3650 1014 3740 ple·

9 3727 11 3854 i
60 3777 101 3824 ne
119 3758 297 3824 instructa
319 3769 408 3826 erat.
462 3753 649 3846 Eyvindus
672 3777 714 3821 ac
740 3749 798 3818 sui
823 3773 949 3820 omnes
974 3747 1014 3820 iu

9 3855 11 3892 i

64 3977 88 4048 ι)
105 3976 202 4032 videtur
216 3981 361 4039 excidisse:
388 3981 446 4053 „md
458 4000 517 4038 ocra
526 3979 551 4048 ,”
569 3977 627 4034 fieri
641 3991 732 4052 potest.

9 4079 11 4160 v
107 4086 129 4134 2.
145 4079 198 4136 va.
487 4101 488 4104 κ
800 4051 819 4122 Ι
856 4097 861 4124 .-
