2502 4774
9 223 10 232 ‘
47 223 137 308 too
387 225 655 285 ez
879 199 937 294 95
1040 197 1042 202 ’

45 434 146 502 vitam
159 443 452 522 tuamexponas,
478 431 590 522 quive
601 429 801 500 hominum
815 430 874 502 sis.
926 433 998 502 Ille

46 548 175 603 contra:
202 531 242 598 id
253 555 332 600 non
345 533 548 604 admodum
563 531 810 600 memorabile
824 547 898 616 est,
923 535 1000 622 pri-

45 657 97 702 mo
112 625 282 700 omnium
303 632 503 702 dicendum
526 647 601 721 est,
641 655 704 700 me
729 654 817 700 vero
845 635 999 704 nomine

46 731 417 818 Thorkelemvocari5
442 734 542 823 patri
553 756 639 802 meo
650 733 1000 802 nomeneratStein·

46 835 187 925 grimus,
216 831 345 922 quivir
359 832 434 908 fuit
448 834 561 921 dives,
587 833 885 904 Heidmarkiain
896 837 1000 924 Upp7

46 932 151 1001 landis
174 925 369 1018 habitans,
405 933 504 1024 apud
527 946 674 1026 patrem
692 932 887 1022 educatur,
923 935 1001 1020 jam

47 1055 127 1122 puer
151 1043 294 1100 statura
311 1054 470 1126 magnus
485 1047 523 1100 et
540 1035 713 1102 robustus
729 1032 904 1117 dicebar,
936 1056 1001 1125 pa-

45 1148 93 1201 ter
115 1155 173 1199 me
190 1145 338 1200 mature
359 1135 400 1203 in
417 1133 671 1202 celeritatibus
685 1147 723 1204 et
734 1133 921 1220 jaculandi
937 1156 1001 1223 pe-

44 1233 119 1301 ritia
134 1231 314 1320 exercuit,
338 1235 517 1323 brevique
530 1257 596 1316 me,
606 1233 788 1305 destinata
805 1247 907 1302 certa
924 1257 1002 1302 ma-

45 1359 89 1402 nu
106 1331 332 1404 collineandi
358 1334 461 1403 haud
475 1335 671 1402 insuetum
688 1333 851 1424 praebui3
886 1358 1003 1425 quam

45 1433 198 1524 primum
213 1454 282 1522 per
305 1449 454 1502 aetatem
467 1435 638 1526 viresque
649 1434 776 1521 licuit,
802 1433 843 1502 in
865 1459 909 1504 eo
925 1448 1003 1502 stu-

46 1535 139 1602 dium
161 1533 359 1622 collocavi,
391 1547 434 1600 ut
455 1533 582 1626 quavis
608 1533 753 1624 hieme,
788 1557 874 1606 cum
896 1558 1002 1624 aquae

46 1632 152 1726 glaeie
178 1635 444 1722 consisterent,
477 1636 642 1726 geluque
666 1656 735 1724 per
756 1634 893 1703 sudum
910 1635 1003 1703 inci-

46 1736 154 1819 deret,
192 1731 237 1800 in
263 1736 376 1825 sylvis
404 1757 491 1802 cum
517 1734 705 1804 sodalibus
727 1735 819 1802 meis
843 1733 1006 1802 venandi

46 1833 152 1926 gratia
177 1835 422 1922 excubarem,
447 1835 548 1904 unde
573 1855 782 1926 cognomen
804 1834 1005 1906 Thorkelis

46 1933 308 2020 Thurrafrostis
336 1933 576 2027 (Sicci-geli)
604 1935 700 2002 mihi
727 1934 894 2004 adhaesit.
959 1934 1005 2002 In

45 2033 276 2102 Heidmarkia
304 2031 405 2104 haud
425 2035 559 2124 procul
575 2058 596 2102 a
610 2035 700 2102 villa
718 2035 834 2124 patris
852 2035 929 2104 mei
946 2033 1004 2102 vir

44 2147 167 2223 potens
185 2129 319 2204 ditioni
334 2135 505 2226 praefuit,
537 2133 691 2202 nomine
712 2135 933 2218 ThoraIfus5
971 2134 1004 2202 is
1098 2163 1099 2167 ¹

45 2233 231 2323 praelectus
257 2251 335 2304 erat
356 2257 491 2328 regum
514 2233 848 2325 Upplandensium.
902 2235 1005 2308 Tho-

45 2333 150 2402 ralfus
171 2357 328 2404 uxorem
352 2336 423 2404 sibi
441 2335 676 2422 adjunxerat,
715 2335 917 2420 Idumam,
959 2356 1005 2416 en

47 2458 109 2524 qua
118 2433 234 2502 [iiiam
249 2449 461 2526 susceperat
470 2435 730 2528 Ragnhildam,
754 2434 1006 2503 formaevenu-

46 2549 130 2602 state
154 2537 508 2624 praestantissimam.
572 2540 680 2608 Hanc
695 2559 854 2604 uxorem
879 2534 1005 2622 ambii,

46 2635 239 2706 Thoralfus
252 2659 339 2703 vero
355 2660 438 2704 eam
454 2638 534 2704 viro
552 2635 732 2704 nobiliori
746 2638 828 2705 loco
846 2650 933 2704 nato
952 2637 1006 2722 107

47 2758 122 2802 care
137 2737 267 2804 voluit.
318 2737 411 2806 Post
424 2739 551 2826 paulo,
578 2759 666 2804 cum
676 2736 880 2806 Thoralfus
895 2735 1006 2804 domo

47 2836 194 2923 abesset,
218 2859 294 2904 uno
318 2837 515 2912 comitatus
528 2837 608 2904 viro
625 2849 741 2904 noctu
755 2836 1008 2929 Ragnhildam

46 2937 147 3024 rapui
170 2935 400 3027 domumque
420 2937 537 3029 patris
560 2937 712 3022 advexi,
752 2937 817 3026 qui
840 2959 928 3003 cum
945 2959 1008 3004 me

46 3059 168 3103 secum
181 3036 322 3104 habere
339 3037 468 3126 nollet,
495 3035 569 3106 nisi
590 3051 736 3132 raptam
753 3035 1009 3124 reddidissem,

46 3135 81 3202 in
100 3135 320 3204 societatem
334 3137 507 3222 assumtis
523 3137 699 3206 undecim
714 3137 940 3227 aequalibus,
968 3134 1010 3202 in

47 3237 160 3326 sylvas
187 3258 250 3304 me
277 3238 432 3306 contuli.
471 3236 707 3327 ,Thoralfum
746 3260 834 3304 cum
852 3235 1011 3312 domum

46 3359 209 3404 reversus
238 3360 320 3404 rem
346 3339 608 3430 comperisset,
658 3337 829 3430 primum
860 3349 1011 3428 patrem

46 3459 171 3504 meum
187 3434 297 3524 adiit,
330 3453 483 3508 centum
503 3437 592 3506 viris
614 3438 791 3530 stipatus,
828 3436 1011 3530 singulas-

47 3559 115 3625 que
126 3535 222 3604 aedes
233 3533 438 3627 inquisivit.
490 3537 638 3609 Deinde
654 3540 695 3607 in
710 3541 853 3631 sylvam
862 3549 1011 3622 exeunt,

47 3636 243 3737 copiasque
270 3636 316 3724 ad
335 3661 402 3706 nos
427 3637 644 3728 quaerendos
666 3641 707 3707 in
726 3637 940 3728 manipulos
961 3635 1013 3703 di-

44 3737 191 3824 vidunt,
227 3761 388 3828 quorum
406 3738 608 3812 Thoralfus
634 3761 720 3808 cum
745 3737 900 3830 triginta
926 3736 1016 3814 viris

45 3836 83 3904 in
108 3859 178 3904 nos
194 3835 382 3928 incidens,
417 3838 562 3909 infestis
587 3839 699 3906 armis
722 3855 789 3906 nos
815 3837 1014 3929 impetivit,

45 3937 179 4004 nostris
206 3961 245 4005 se
274 3953 426 4010 strenue
456 3937 761 4027 defendentibus,
795 3961 838 4006 eo
863 3938 1016 4012 tandem

48 4037 168 4128 exitu,
194 4051 239 4134 ut
261 4062 307 4107 ex
321 4038 568 4114 Thoralsianis
577 4038 792 4128 duodecim,
818 4060 863 4108 ex
881 4035 1017 4114 nostris
