2502 4774
306 298 366 390 78
592 297 859 380 ...'.····.:···.......··⁶··
1099 313 1204 382 tuo

246 522 418 620 staturae,
445 523 601 622 corpore
623 515 797 616 robusto,
823 526 939 596 barba
954 528 1083 620 rubra,
1095 519 1205 624 nigris

245 629 474 726 superciliis,
509 629 744 699 atrocitatem
765 631 873 698 vultu
889 629 1111 720 praeferens5
1145 632 1205 722 qui

248 761 337 805 eum
379 737 542 802 salutans
589 729 741 822 quaerit,
798 729 880 820 quis
921 745 1026 800 esset.
1109 735 1206 802 Hall·

245 837 391 924 frodus,
434 834 586 902 nomine
616 831 736 918 edito,
780 829 957 922 requirit,
1002 831 1085 923 quis
1106 847 1203 900 esset.

246 940 359 1025 ijrn
373 938 501 1023 vocor,
528 933 580 1020 ait
595 933 679 1020 ille,
703 931 748 999 ab
768 932 912 1000 oriente
932 931 1044 1026 sylvae
1062 933 1205 1016 habit03
1228 970 1230 986 ι

243 1049 291 1106 tn
305 1036 405 1130 apud
423 1057 484 1104 me
500 1031 708 1124 hospitare,
741 1055 830 1101 narn
852 1031 946 1100 aedes
972 1032 1070 1100 mihi
1095 1033 1204 1120 bonae,

244 1137 439 1228 inquibus
455 1155 599 1203 merces
619 1147 701 1202 tuas
715 1147 798 1200 tuto
815 1155 1032 1202 conservare
1047 1155 1203 1224 possum.

246 1236 461 1310 Hallfrodus
478 1237 599 1304 oblata
616 1233 771 1350 accepit,
798 1257 961 1324 eumque
976 1247 1127 1303 secutus
1147 1249 1205 1326 est,

247 1339 345 1432 quod
363 1339 534 1436 locorum
548 1337 639 1404 situs
658 1335 692 1403 ei
708 1335 860 1428 ignotus
877 1349 993 1420 esset,
1019 1336 1206 1448 paullota-

245 1426 581 1530 mensuspiciosior
598 1435 771 1504 colonus
762 1457 835 1525 rpsr
824 1433 1052 1524 vrdebatur,
1075 1436 1205 1526 quippe

248 1541 354 1626 cujus
378 1539 496 1607 oculis
512 1537 641 1628 hirqui
659 1535 887 1604 diductiores
908 1535 960 1628 ¹),
998 1535 1206 1649 rapacitatis

245 1640 554 1727 indices,‹inesse
574 1637 800 1704 viderentur.
863 1638 974 1724 Bjorn
1001 1659 1155 1726 vespere
1176 1637 1207 1704 ei

245 1761 421 1833 magnam
437 1737 731 1828 hospitalitatem
744 1738 922 1830 praebuit5
932 1739 987 1806 ibi
1002 1739 1117 1805 multi
1132 1739 1206 1806 ad'e-

245 1855 331 1910 rant
346 1841 538 1922 homines,
566 1861 656 1906 cum
671 1853 797 1906 autem
815 1839 984 1907 cubitum
997 1837 1133 1930 iretur,
1157 1839 1206 1906 vir

246 1955 415 2031 uxorque
445 1939 486 2007 in
512 1939 636 2006 clauso
661 1938 879 2006 dormitorio
906 1939 1109 2027 cubabant,
1147 1938 1206 2007 ubi

248 2041 321 2110 duo
353 2053 458 2108 erant
486 2039 642 2126 cubilia,
675 2061 836 2130 quorum
855 2039 1017 2108 alterum
1035 2039 1205 2134 Halfrbdo

248 2143 484 2234 designatum
498 2153 572 2224 est3
599 2161 685 2208 cum
701 2161 788 2208 vero
808 2140 1078 2230 decubuerunt,
1104 2142 1207 2228 janua

247 2240 458 2312 dormitorii
474 2241 623 2309 occlusa
641 2238 832 2331 fibulaque
843 2241 1082 2310 revinctaest.
1111 2243 1207 2311 Hall-
1244 2253 1245 2256 ’

245 2343 372 2413 frbdus
392 2341 567 2428 Bj'drnem
590 2341 662 2408 hoc
682 2341 800 2434 magis
825 2342 1054 2432 suspicatus,
1094 2355 1206 2410 vestes

244 2467 323 2515 non
339 2455 503 2529 exuerat,
530 2441 594 2508 sed
608 2439 737 2508 stricto
748 2441 883 2533 gladio,
910 2465 1023 2534 quem
1037 2443 1071 2510 ei
1080 2463 1144 2510 rex
1154 2443 1206 2509 de·

244 2545 360 2632 derat,
374 2543 636 2611 adtabulatum
644 2561 771 2608 versus
781 2541 894 2632 pedes
906 2545 1020 2612 situm
1031 2543 1208 2626 constitit;

231 2643 290 2714 ¹eo
306 2644 387 2734 ipso
398 2655 588 2710 momento
597 2641 708 2729 Bj'orn
717 2643 836 2711 telum
853 2642 894 2711 in
904 2643 1030 2712 cubile
1040 2643 1206 2730 intendit,

246 2743 312 2813 sed
327 2742 543 2814 Hallfrddus
559 2742 594 2809 ei
607 2742 734 2808 statim
748 2743 901 2812 letalem
923 2747 1042 2812 ictum
1065 2745 1204 2812 inflixit.

245 2841 533 2920 Materl'amilias
563 2845 773 2910 exclamans
801 2845 981 2935 surrexit,
1024 2859 1062 2912 et
1088 2845 1206 2912 dorne·
1242 2923 1243 2938 ἶ

138 3023 141 3030 ,
244 2944 428 3013 eticorum
452 2942 680 3010 famulorum
703 2965 814 3034 opem
829 2944 1056 3036 imploravit,
1083 2945 1206 3013 exhor·
1242 2963 1243 3039 l

242 3060 346 3132 tans,
373 3056 416 3112 ut
436 3045 635 3111 scelestum
644 3043 858 3134 hominem,
888 3046 954 3136 qui
970 3045 1207 3114 innocentem

244 3145 424 3216 maritum
445 3143 660 3232 occidisset,
699 3145 1073 3235 comprehenderent.
1128 3147 1206 3214 Sur·
1241 3205 1242 3210 ,

244 3259 340 3340 gunt
354 3245 457 3314 illico
473 3245 658 3331 homines,
686 3245 816 3314 lumen
833 3267 1048 3334 accensum,
1076 3245 1206 3314 dormi·
1241 3239 1242 3244 ’

243 3345 386 3414 torium
400 3341 601 3414 reclusum.
654 3341 870 3414 Hallfrddus
891 3345 936 3414 ad
956 3344 1206 3416 defensionem

245 3469 284 3516 se
300 3457 422 3537 parat,
462 3443 526 3512 sed
555 3443 834 3514 materfamilias
857 3447 969 3516 armis
1000 3449 1079 3536 ejus
1096 3461 1206 3515 vestes

242 3545 392 3634 injecit,
427 3568 540 3634 quare
558 3558 687 3635 captus
702 3545 924 3639 vinctusque
945 3563 1011 3618 est.
1065 3548 1206 3639 Deinde

242 3643 536 3733 materfamilias,
563 3641 676 3714 misso
698 3647 900 3738 advirum,
932 3649 1087 3718 nomine
1101 3649 1206 3720 Ubbi-

242 3773 329 3836 um,
354 3749 467 3839 vulgo
481 3743 647 3818 Ubbrum
658 3748 926 3839 sacr1frculum,
952 3749 1099 3838 nuntio,
1126 3773 1206 3817 eum

243 3847 452 3936 consuluit,
494 3847 680 3937 quidhoc
705 3850 907 3944 peregrino
930 3849 1109 3938 homine,
1149 3847 1240 3972 qui

241 3949 438 4018 maritum
445 3972 556 4016 suum
579 3948 847 4042 interfecisset,
888 3950 1106 4020 faciendum
1128 3973 1205 4018 cen·
1239 3929 1240 4039 i

245 4169 275 4241 ¹)
278 4169 422 4241 flfrff‘vr
453 4169 525 4234 aliis,
545 4163 614 4221 linea
627 4165 684 4220 alba
697 4167 729 4220 ab
744 4163 837 4240 hirquo
854 4167 887 4225 ad
901 4171 1026 4245 pupulam
1040 4171 1173 4225 transiens.
