2528 4770
1101 253 1162 318 251
1173 261 1203 320 G.

238 465 399 542 -Eirikus'
423 475 568 556 satrapa
592 463 633 534 in
648 461 755 538 ,navis
777 484 852 532 suae
866 460 1119 563 interscalmio
1134 468 1206 557 pri-

237 583 350 638 mate
375 589 414 636 se
437 565 669 652 continebat,
694 563 761 632 ubi
783 563 835 633 ita
854 575 993 634 structa
1011 580 1090 634 erat
1104 568 1206 657 acies,

248 681 294 738 ut
306 667 420 739 scutis
439 665 615 738 consertis
629 663 776 758 munita
791 677 909 748 esset,
939 664 1004 732 hic
1025 681 1064 734 et
1080 667 1210 757 gladiis

250 767 376 838 caesirn
394 781 432 836 et
445 765 630 858 punctim
646 761 763 834 'hastis
784 778 998 858 pugnatum
1026 778 1102 854 est,
1142 791 1209 836 nec

194 885 199 892 ’
248 890 327 939 non
351 889 461 954 omne
492 885 838 958 armorumigenus,
864 863 968 956 quod
978 867 1128 954 quidem
1137 892 1207 936 ma-

247 990 319 1038 nus
335 965 593 1055 admitterent,
630 966 672 1040 in
692 965 840 1036 hostem
863 973 1105 1058 congestum
1132 969 1205 1058 qui-

249 1065 334 1134 dam
347 1065 501 1138 missilia
515 1067 741 1153 exarcubus,
760 1065 824 1136 alii
836 1065 958 1150 jacula
974 1066 1204 1152 emittebant,

248 1163 349 1238 unde
370 1179 474 1234 tanta
494 1167 661 1237 telorum
680 1166 733 1239 vis
759 1166 800 1240 in
821 1166 1044 1256 Serpentem
1066 1165 1205 1260 ingesta

250 1279 325 1352 est,
352 1279 396 1334 ut
416 1267 477 1338 vix
499 1281 605 1340 scuto
624 1289 663 1334 se
687 1265 886 1356 quisquam
912 1279 1041 1358 tegere
1062 1283 1202 1356 posset,

248 1365 340 1434 adeo
355 1364 626 1458 spissavolabat
640 1366 831 1436 hastarum
842 1367 1108 1459 etsagittarum
1116 1369 1203 1434 mul-

247 1464 394 1552 titudo,
422 1489 509 1536 cum
522 1465 689 1557 undique
702 1467 922 1556 Serpentem
939 1465 1132 1560 cingerent
1148 1491 1203 1535 no-

248 1587 312 1633 ves
329 1565 483 1641 bellica.
535 1566 679 1642 Milites
696 1589 783 1636 vero
802 1564 906 1636 Olavi
919 1565 1018 1659 regis
1034 1581 1136 1635 tanto
1151 1565 1203 1633 fu·

246 1686 333 1734 rore
355 1666 501 1736 accensi
523 1679 629 1754 sunt,
653 1667 752 1736 utin
769 1688 932 1736 summas
952 1668 1113 1736 laterum
1129 1689 1202 1734 oras

246 1762 451 1854 insilirent,
486 1789 559 1856 quo
585 1765 718 1858 gladiis
747 1767 874 1834 hostes
895 1765 1080 1859 attingere
1101 1781 1203 1857 atque

228 1862 392 1934 -cedene
415 1879 587 1954 possent3
621 1865 685 1934 sed
706 1866 861 1936 navium
884 1867 984 1942 haud
1008 1869 1135 1936 multe
1155 1869 1202 1936 ita

247 1964 470 2052 Serpentem
483 1965 651 2052 subiere,
677 1979 721 2034 ut
737 1964 868 2056 gladiis
888 1989 969 2034 rern
984 1987 1116 2058 gerere
1135 1970 1203 2035 vel·

247 2063 346 2151 ient,
372 2065 562 2154 plerisque
579 2064 750 2133 enirnres
764 2065 891 2156 magni
901 2066 1123 2136 discriminis
1136 2069 1204 2136 risa

227 2185 230 2190 ·
249 2175 325 2248 est,
350 2183 435 2230 cum
454 2164 604 2232 athletis
626 2164 842 2256 Olaviregis
861 2165 1072 2250 decertare3
1094 2168 1203 2238 Nord-

248 2261 377 2332 manni
397 2277 525 2338 autern
540 2263 638 2336 nihil
652 2264 756 2332 aliud
772 2265 1000 2358 cogitarunt,
1036 2288 1146 2356 quam
1164 2281 1203 2335 ut

222 2445 225 2452 ¹
247 2361 417 2454 protinus
439 2385 558 2456 usque
579 2361 715 2456 pedem
744 2365 956 2458 proferrent
984 2366 1202 2435 adversarios

246 2459 500 2552 interfecturi,
516 2487 630 2556 quare
644 2465 755 2556 plane
775 2481 877 2535 extra
888 2467 1006 2535 latera
1019 2469 1119 2538 navis
1128 2490 1204 2560 pro·
1246 2521 1247 2532 ,

247 2559 437 2650 volarunt,
452 2565 516 2654 nil
531 2560 633 2634 aliud
650 2585 727 2656 prae
745 2565 860 2638 animi
878 2565 1023 2636 fervore
1045 2581 1083 2659 et
1102 2567 1201 2653 pehe-
1246 2535 1247 2589 l

246 2662 387 2734 mentia
406 2663 756 2752 animadvertentes,
776 2689 887 2756 quam
902 2666 942 2738 in
955 2690 1085 2757 campo
1100 2669 1200 2758 &pla-

245 2759 339 2831 nitie
358 2765 556 2857 reingeri,
583 2763 769 2858 multique
792 2767 1006 2839 cum-armis
1021 2767 1201 2839 sulsintar

249 2893 512 2924 *ΠΡ-*ἡψη-
619 2920 622 2928 Ι

322 2959 376 3024 ojd,
397 2961 577 3028 inoestposum
588 2981 658 3014 mare
671 2967 806 3034 peruenire
816 3001 824 3030 ,
849 2981 873 3016 a:
894 2968 922 3018 in
934 2983 1036 3036 magnas
1051 2963 1202 3026 difficultates
1244 2961 1245 3021 i

321 3049 445 3102 incidere.
485 3053 600 3124 1011th
613 3074 641 3108 v.
656 3071 714 3124 pag.
732 3057 777 3108 27.
797 3068 840 3109 str.
862 3059 888 3106 2.
907 3059 1002 3128 (Text.
1025 3058 1101 3126 ist.);
1118 3071 1200 3128 taarg,

320 3139 482 3206 tenaculum,
504 3145 533 3191 it.
548 3145 672 3214 quaelibet
690 3163 745 3209 res,
767 3165 826 3216 qum
842 3147 919 3196 aliam
934 3159 1015 3212 tenet,
1027 3152 1145 3206 sustinet.
1161 3149 1202 3200 Sic

215 3273 219 3280 .
256 3241 258 3248 “
281 3238 294 3282 ,’
320 3243 403 3299 aaung
415 3232 679 3302 rjzlposylggrinqm's,
701 3249 738 3288 est
758 3255 864 3302 montis,
878 3241 1027 3308 accipitrem
1041 3251 1141 3303 teneus,
1159 3258 1202 3290 su-

320 3323 429 3384 stinent,
457 3321 539 3382 Qrkn.
561 3342 584 3373 c.
600 3323 654 3390 79,
676 3338 720 3388 str.
741 3331 766 3378 1.
807 3327 1100 3399 Eodemmodolr'ugda
1119 3345 1200 3400 taung,

318 3429 379 3478 quat
399 3415 505 3472 utsthret
524 3415 619 3466 assulas
637 3417 757 3469 houtales
784 3418 982 3492 (annitamur),
1012 3439 1088 3490 prora
1103 3421 1200 3488 dicitur,

299 3565 303 3576 .
318 3500 395 3567 hujus
406 3503 495 3572 nugi,
513 3505 575 3559 lurra
591 3525 676 3574 prora·
685 3544 694 3572 ,
711 3509 834 3579 clypeus:
853 3529 913 3562 narn
929 3523 1028 3562 veter-cs
1041 3513 1140 3582 clypeis
1154 3517 1201 3570 im·

210 3633 215 3640 .
264 3637 267 3644 ,
319 3591 438 3650 brioatim
455 3593 585 3664 dispositis
599 3615 688 3664 proras
706 3602 924 3669 navium.(itmno
940 3600 1071 3654 interdum
1091 3608 1201 3660 coruinua

246 3695 263 3737 ἰ
316 3685 426 3749 latera),
445 3689 620 3750 ostentationis
633 3693 728 3756 gratis,
745 3710 835 3746 nutare
849 3694 973 3752 solebant.
1015 3693 1045 3762 c)
1061 3694 1200 3766 hrwfiagd,

296 3777 424 3845 ‘gigantis
443 3776 553 3844 loricae,
579 3779 599 3827 i.
621 3797 645 3830 a.
666 3797 726 3845 pes,
753 3782 843 3838 loricae
862 3787 958 3850 noxia,
985 3788 1101 3852 securis,¹
1119 3787 1198 3837 telum.

317 3868 380 3916 hrurr
395 3885 443 3941 pro
460 3869 535 3934 brya,
558 3887 572 3918 a
593 3871 697 3938 hrynjo,
717 3873 808 3926 lorica.
854 3875 961 3936 Eadem,
975 3877 1062 3940 formu
1078 3888 1114 3930 cst
1135 3877 1197 3930 Onu.

318 3955 422 4008 Storoifi
439 3955 458 4006 s.
476 3959 519 4008 od.
534 3958 605 4020 Sisal·
623 3962 654 4024 iu¹
665 3960 788 4034 Append.
808 3965 851 4020 Ol.
865 3969 963 4038 prgg.
982 3985 1011 4037 p·
1030 3964 1079 4032 14,
1099 3973 1126 4020 iu
1141 3989 1198 4022 roco

230 4077 233 4087 ·
314 4049 468 4117 brtrnptilma.
483 4097 496 4109 ..
535 4101 538 4108 ,
