<?xml version="1.0" encoding="UTF-8"?>
<!DOCTYPE html PUBLIC "-//W3C//DTD XHTML 1.0 Transitional//EN"
    "http://www.w3.org/TR/xhtml1/DTD/xhtml1-transitional.dtd">
<html xmlns="http://www.w3.org/1999/xhtml" xml:lang="en" lang="en">
 <head>
  <title>
</title>
<meta http-equiv="Content-Type" content="text/html;charset=utf-8" />
  <meta name='ocr-system' content='tesseract 3.04.00' />
  <meta name='ocr-capabilities' content='ocr_page ocr_carea ocr_par ocr_line ocrx_word'/>
</head>
<body>
  <div class='ocr_page' id='page_1' title='image "./scriptahistoric00unkngoog_0171.png"; bbox 0 0 2502 4774; ppageno 0'>
   <div class='ocr_carea' id='block_1_1' title="bbox 303 233 1182 344">
    <p class='ocr_par' dir='ltr' id='par_1_1' title="bbox 303 177 1182 344">
     <span class='ocr_line' id='line_1_1' title="bbox 303 233 1182 344; baseline -0.015 -12"><span class='ocrx_word' id='word_1_1' title='bbox 303 233 389 332; x_wconf 79' lang='lat'>156</span> <span class='ocrx_word' id='word_1_2' title='bbox 535 255 848 300; x_wconf 62' lang='lat' dir='ltr'>mm·-</span> <span class='ocrx_word' id='word_1_3' title='bbox 950 259 1182 344; x_wconf 56' lang='lat' dir='ltr'>„tom</span> 
     </span>
    </p>
   </div>
   <div class='ocr_carea' id='block_1_2' title="bbox 235 461 1203 3850">
    <p class='ocr_par' dir='ltr' id='par_1_2' title="bbox 235 461 1199 3138">
     <span class='ocr_line' id='line_1_2' title="bbox 236 461 1182 556; baseline 0.003 -21"><span class='ocrx_word' id='word_1_4' title='bbox 236 467 310 550; x_wconf 65' lang='lat' dir='ltr'>«bus</span> <span class='ocrx_word' id='word_1_5' title='bbox 326 461 460 556; x_wconf 74' lang='lat' dir='ltr'>gladiis</span> <span class='ocrx_word' id='word_1_6' title='bbox 473 461 647 552; x_wconf 79' lang='lat' dir='ltr'>ludebat,</span> <span class='ocrx_word' id='word_1_7' title='bbox 690 462 742 534; x_wconf 83' lang='lat' dir='ltr'>ita</span> <span class='ocrx_word' id='word_1_8' title='bbox 767 478 815 536; x_wconf 84' lang='lat' dir='ltr'>ut.</span> <span class='ocrx_word' id='word_1_9' title='bbox 831 485 935 546; x_wconf 77' lang='lat' dir='ltr'>unus</span> <span class='ocrx_word' id='word_1_10' title='bbox 959 467 1090 546; x_wconf 73' lang='lat' dir='ltr'>eorum</span> <span class='ocrx_word' id='word_1_11' title='bbox 1102 485 1182 544; x_wconf 74' lang='lat' dir='ltr'>tem-</span> 
     </span>
     <span class='ocr_line' id='line_1_3' title="bbox 240 563 1182 656; baseline -0.004 -23"><span class='ocrx_word' id='word_1_12' title='bbox 240 589 309 656; x_wconf 88' lang='lat' dir='ltr'>per</span> <span class='ocrx_word' id='word_1_13' title='bbox 326 563 497 632; x_wconf 88' lang='lat' dir='ltr'>subiimis</span> <span class='ocrx_word' id='word_1_14' title='bbox 515 577 629 650; x_wconf 86' lang='lat' dir='ltr'>esset,</span> <span class='ocrx_word' id='word_1_15' title='bbox 646 564 801 654; x_wconf 84' lang='lat' dir='ltr'>ipseque</span> <span class='ocrx_word' id='word_1_16' title='bbox 817 565 1073 634; x_wconf 86' lang='lat' dir='ltr'>delabentium</span> <span class='ocrx_word' id='word_1_17' title='bbox 1088 585 1182 653; x_wconf 87' lang='lat' dir='ltr'>capu-</span> 
     </span>
     <span class='ocr_line' id='line_1_4' title="bbox 236 665 1182 757; baseline -0.004 -23"><span class='ocrx_word' id='word_1_18' title='bbox 236 669 297 748; x_wconf 74' lang='lat' dir='ltr'>¹los</span> <span class='ocrx_word' id='word_1_19' title='bbox 319 686 436 753; x_wconf 80' lang='lat' dir='ltr'>usque</span> <span class='ocrx_word' id='word_1_20' title='bbox 459 686 573 734; x_wconf 82' lang='lat' dir='ltr'>manu</span> <span class='ocrx_word' id='word_1_21' title='bbox 593 665 860 755; x_wconf 79' lang='lat' dir='ltr'>prehenderet3</span> <span class='ocrx_word' id='word_1_22' title='bbox 880 679 1058 757; x_wconf 78' lang='lat' dir='ltr'>utraque</span> <span class='ocrx_word' id='word_1_23' title='bbox 1073 687 1182 750; x_wconf 83' lang='lat' dir='ltr'>manu,</span> 
     </span>
     <span class='ocr_line' id='line_1_5' title="bbox 241 762 1185 856; baseline -0.003 -22"><span class='ocrx_word' id='word_1_24' title='bbox 241 766 323 856; x_wconf 82' lang='lat' dir='ltr'>pari</span> <span class='ocrx_word' id='word_1_25' title='bbox 339 762 575 852; x_wconf 77' lang='lat' dir='ltr'>dexteritate,</span> <span class='ocrx_word' id='word_1_26' title='bbox 612 766 689 839; x_wconf 88' lang='lat' dir='ltr'>telo</span> <span class='ocrx_word' id='word_1_27' title='bbox 709 767 904 853; x_wconf 85' lang='lat' dir='ltr'>utebatur,</span> <span class='ocrx_word' id='word_1_28' title='bbox 940 782 978 834; x_wconf 91' lang='lat' dir='ltr'>et</span> <span class='ocrx_word' id='word_1_29' title='bbox 993 767 1068 836; x_wconf 91' lang='lat' dir='ltr'>duo</span> <span class='ocrx_word' id='word_1_30' title='bbox 1086 763 1185 837; x_wconf 84' lang='lat' dir='ltr'>simul</span> 
     </span>
     <span class='ocr_line' id='line_1_6' title="bbox 235 863 1183 956; baseline 0.002 -27"><span class='ocrx_word' id='word_1_31' title='bbox 235 863 395 944; x_wconf 74' lang='lat' dir='ltr'>missilia</span> <span class='ocrx_word' id='word_1_32' title='bbox 411 863 654 950; x_wconf 68' lang='lat' dir='ltr'>jaculabatur,</span> <span class='ocrx_word' id='word_1_33' title='bbox 679 888 770 942; x_wconf 76' lang='lat' dir='ltr'>arcu</span> <span class='ocrx_word' id='word_1_34' title='bbox 779 865 956 952; x_wconf 79' lang='lat' dir='ltr'>manuali,</span> <span class='ocrx_word' id='word_1_35' title='bbox 973 881 1017 938; x_wconf 87' lang='lat' dir='ltr'>ut</span> <span class='ocrx_word' id='word_1_36' title='bbox 1033 865 1097 956; x_wconf 88' lang='lat' dir='ltr'>qui</span> <span class='ocrx_word' id='word_1_37' title='bbox 1109 864 1183 940; x_wconf 85' lang='lat' dir='ltr'>dex·</span> 
     </span>
     <span class='ocr_line' id='line_1_7' title="bbox 241 963 1184 1056; baseline 0.003 -21"><span class='ocrx_word' id='word_1_38' title='bbox 241 965 417 1050; x_wconf 79' lang='lat' dir='ltr'>terrimo,</span> <span class='ocrx_word' id='word_1_39' title='bbox 461 964 657 1054; x_wconf 79' lang='lat' dir='ltr'>utebatur,</span> <span class='ocrx_word' id='word_1_40' title='bbox 704 965 746 1038; x_wconf 81' lang='lat' dir='ltr'>in</span> <span class='ocrx_word' id='word_1_41' title='bbox 773 966 906 1051; x_wconf 83' lang='lat' dir='ltr'>iaculis</span> <span class='ocrx_word' id='word_1_42' title='bbox 930 963 1184 1056; x_wconf 79' lang='lat' dir='ltr'>quovismodo</span> 
     </span>
     <span class='ocr_line' id='line_1_8' title="bbox 241 1063 1185 1152; baseline -0.008 -17"><span class='ocrx_word' id='word_1_43' title='bbox 241 1087 333 1140; x_wconf 79' lang='lat' dir='ltr'>arou</span> <span class='ocrx_word' id='word_1_44' title='bbox 349 1063 564 1140; x_wconf 76' lang='lat' dir='ltr'>emittendis</span> <span class='ocrx_word' id='word_1_45' title='bbox 579 1065 908 1140; x_wconf 79' lang='lat' dir='ltr'>exercitatissimus</span> <span class='ocrx_word' id='word_1_46' title='bbox 925 1079 968 1134; x_wconf 84' lang='lat' dir='ltr'>et</span> <span class='ocrx_word' id='word_1_47' title='bbox 978 1063 1185 1152; x_wconf 80' lang='lat' dir='ltr'>nandiperi-</span> 
     </span>
     <span class='ocr_line' id='line_1_9' title="bbox 240 1163 1186 1256; baseline 0.002 -23"><span class='ocrx_word' id='word_1_48' title='bbox 240 1164 405 1242; x_wconf 74' lang='lat' dir='ltr'>tissimus</span> <span class='ocrx_word' id='word_1_49' title='bbox 422 1177 522 1254; x_wconf 66' lang='lat' dir='ltr'>emit</span> <span class='ocrx_word' id='word_1_50' title='bbox 561 1166 727 1256; x_wconf 86' lang='lat' dir='ltr'>quemvis</span> <span class='ocrx_word' id='word_1_51' title='bbox 748 1166 944 1240; x_wconf 80' lang='lat' dir='ltr'>hominem</span> <span class='ocrx_word' id='word_1_52' title='bbox 963 1165 1006 1234; x_wconf 88' lang='lat' dir='ltr'>in</span> <span class='ocrx_word' id='word_1_53' title='bbox 1028 1163 1186 1242; x_wconf 81' lang='lat' dir='ltr'>scanden-</span> 
     </span>
     <span class='ocr_line' id='line_1_10' title="bbox 238 1261 1187 1356; baseline -0.002 -24"><span class='ocrx_word' id='word_1_54' title='bbox 238 1264 297 1340; x_wconf 80' lang='lat' dir='ltr'>dis</span> <span class='ocrx_word' id='word_1_55' title='bbox 315 1262 514 1352; x_wconf 69' lang='lat' dir='ltr'>praeruptis</span> <span class='ocrx_word' id='word_1_56' title='bbox 526 1267 745 1355; x_wconf 83' lang='lat' dir='ltr'>superabat,</span> <span class='ocrx_word' id='word_1_57' title='bbox 780 1265 1095 1356; x_wconf 83' lang='lat' dir='ltr'>quemadmodum</span> <span class='ocrx_word' id='word_1_58' title='bbox 1107 1261 1187 1332; x_wconf 79' lang='lat' dir='ltr'>ieie.-</span> 
     </span>
     <span class='ocr_line' id='line_1_11' title="bbox 237 1361 1188 1456; baseline -0.008 -19"><span class='ocrx_word' id='word_1_59' title='bbox 237 1365 319 1442; x_wconf 79' lang='lat' dir='ltr'>¹rius</span> <span class='ocrx_word' id='word_1_60' title='bbox 340 1362 496 1440; x_wconf 72' lang='lat' dir='ltr'>ditetur.</span> <span class='ocrx_word' id='word_1_61' title='bbox 516 1397 518 1402; x_wconf 96' lang='lat'>·</span> <span class='ocrx_word' id='word_1_62' title='bbox 549 1367 630 1439; x_wconf 83' lang='lat' dir='ltr'>Rex</span> <span class='ocrx_word' id='word_1_63' title='bbox 649 1367 785 1442; x_wconf 80' lang='lat' dir='ltr'>Olavus</span> <span class='ocrx_word' id='word_1_64' title='bbox 802 1365 933 1442; x_wconf 80' lang='lat' dir='ltr'>‚animo</span> <span class='ocrx_word' id='word_1_65' title='bbox 956 1387 1071 1456; x_wconf 80' lang='lat' dir='ltr'>quem</span> <span class='ocrx_word' id='word_1_66' title='bbox 1087 1361 1188 1434; x_wconf 85' lang='lat' dir='ltr'>moxi-</span> 
     </span>
     <span class='ocr_line' id='line_1_12' title="bbox 241 1461 1188 1554; baseline -0.013 -14"><span class='ocrx_word' id='word_1_67' title='bbox 241 1487 306 1540; x_wconf 76' lang='lat' dir='ltr'>tne</span> <span class='ocrx_word' id='word_1_68' title='bbox 327 1462 440 1539; x_wconf 74' lang='lat' dir='ltr'>hilari</span> <span class='ocrx_word' id='word_1_69' title='bbox 463 1477 542 1538; x_wconf 79' lang='lat' dir='ltr'>etat</span> <span class='ocrx_word' id='word_1_70' title='bbox 559 1479 597 1544; x_wconf 85' lang='lat' dir='ltr'>et</span> <span class='ocrx_word' id='word_1_71' title='bbox 612 1465 709 1537; x_wconf 89' lang='lat' dir='ltr'>ludis</span> <span class='ocrx_word' id='word_1_72' title='bbox 728 1465 894 1554; x_wconf 83' lang='lat' dir='ltr'>deditus,</span> <span class='ocrx_word' id='word_1_73' title='bbox 933 1465 1050 1542; x_wconf 80' lang='lat' dir='ltr'>oemio</span> <span class='ocrx_word' id='word_1_74' title='bbox 1068 1479 1104 1538; x_wconf 85' lang='lat' dir='ltr'>et</span> <span class='ocrx_word' id='word_1_75' title='bbox 1116 1461 1188 1534; x_wconf 78' lang='lat' dir='ltr'>affa-</span> 
     </span>
     <span class='ocr_line' id='line_1_13' title="bbox 241 1560 1189 1655; baseline -0.007 -20"><span class='ocrx_word' id='word_1_76' title='bbox 241 1563 348 1650; x_wconf 72' lang='lat' dir='ltr'>bitis,</span> <span class='ocrx_word' id='word_1_77' title='bbox 380 1561 569 1652; x_wconf 80' lang='lat' dir='ltr'>tiberatis,</span> <span class='ocrx_word' id='word_1_78' title='bbox 609 1566 648 1640; x_wconf 86' lang='lat' dir='ltr'>io</span> <span class='ocrx_word' id='word_1_79' title='bbox 669 1564 797 1642; x_wconf 78' lang='lat' dir='ltr'>dandis</span> <span class='ocrx_word' id='word_1_80' title='bbox 818 1565 1038 1640; x_wconf 77' lang='lat' dir='ltr'>muneribus</span> <span class='ocrx_word' id='word_1_81' title='bbox 1059 1560 1189 1655; x_wconf 81' lang='lat' dir='ltr'>magni-</span> 
     </span>
     <span class='ocr_line' id='line_1_14' title="bbox 240 1661 1191 1751; baseline -0.004 -11"><span class='ocrx_word' id='word_1_82' title='bbox 240 1663 353 1751; x_wconf 75' lang='lat' dir='ltr'>ficus,</span> <span class='ocrx_word' id='word_1_83' title='bbox 386 1662 512 1741; x_wconf 78' lang='lat' dir='ltr'>mimo</span> <span class='ocrx_word' id='word_1_84' title='bbox 539 1665 670 1742; x_wconf 82' lang='lat' dir='ltr'>multis</span> <span class='ocrx_word' id='word_1_85' title='bbox 691 1665 733 1736; x_wconf 87' lang='lat' dir='ltr'>in</span> <span class='ocrx_word' id='word_1_86' title='bbox 756 1665 870 1737; x_wconf 85' lang='lat' dir='ltr'>rebus</span> <span class='ocrx_word' id='word_1_87' title='bbox 892 1663 1121 1750; x_wconf 73' lang='lat' dir='ltr'>uehementi,</span> <span class='ocrx_word' id='word_1_88' title='bbox 1155 1661 1191 1736; x_wconf 75' lang='lat'>111</span> 
     </span>
     <span class='ocr_line' id='line_1_15' title="bbox 242 1763 1191 1858; baseline -0.004 -26"><span class='ocrx_word' id='word_1_89' title='bbox 242 1763 349 1838; x_wconf 81' lang='lat' dir='ltr'>cultu</span> <span class='ocrx_word' id='word_1_90' title='bbox 361 1763 577 1852; x_wconf 78' lang='lat' dir='ltr'>splendidus</span> <span class='ocrx_word' id='word_1_91' title='bbox 594 1778 634 1840; x_wconf 87' lang='lat' dir='ltr'>et</span> <span class='ocrx_word' id='word_1_92' title='bbox 650 1788 729 1842; x_wconf 77' lang='lat' dir='ltr'>non</span> <span class='ocrx_word' id='word_1_93' title='bbox 742 1765 905 1858; x_wconf 79' lang='lat' dir='ltr'>vulgaris</span> <span class='ocrx_word' id='word_1_94' title='bbox 926 1764 970 1855; x_wconf 84' lang='lat'>¹),</span> <span class='ocrx_word' id='word_1_95' title='bbox 998 1785 1109 1854; x_wconf 84' lang='lat' dir='ltr'>supra</span> <span class='ocrx_word' id='word_1_96' title='bbox 1123 1783 1191 1830; x_wconf 87' lang='lat' dir='ltr'>om·</span> 
     </span>
     <span class='ocr_line' id='line_1_16' title="bbox 239 1861 1191 1944; baseline -0.004 -12"><span class='ocrx_word' id='word_1_97' title='bbox 239 1885 309 1942; x_wconf 73' lang='lat' dir='ltr'>ees</span> <span class='ocrx_word' id='word_1_98' title='bbox 328 1861 503 1934; x_wconf 79' lang='lat' dir='ltr'>homines</span> <span class='ocrx_word' id='word_1_99' title='bbox 526 1862 679 1938; x_wconf 82' lang='lat' dir='ltr'>audacia</span> <span class='ocrx_word' id='word_1_100' title='bbox 699 1879 737 1936; x_wconf 80' lang='lat' dir='ltr'>et</span> <span class='ocrx_word' id='word_1_101' title='bbox 762 1865 804 1942; x_wconf 79' lang='lat' dir='ltr'>in</span> <span class='ocrx_word' id='word_1_102' title='bbox 827 1864 936 1944; x_wconf 77' lang='lat' dir='ltr'>bellis</span> <span class='ocrx_word' id='word_1_103' title='bbox 961 1861 1191 1943; x_wconf 69' lang='lat' dir='ltr'>fortitudine,</span> 
     </span>
     <span class='ocr_line' id='line_1_17' title="bbox 239 1960 1193 2055; baseline -0.003 -25"><span class='ocrx_word' id='word_1_104' title='bbox 239 1960 344 2038; x_wconf 85' lang='lat' dir='ltr'>idem</span> <span class='ocrx_word' id='word_1_105' title='bbox 359 1961 532 2032; x_wconf 85' lang='lat' dir='ltr'>omnium</span> <span class='ocrx_word' id='word_1_106' title='bbox 549 1964 846 2055; x_wconf 78' lang='lat' dir='ltr'>crudelissimus,</span> <span class='ocrx_word' id='word_1_107' title='bbox 889 1965 921 2042; x_wconf 84' lang='lat' dir='ltr'>si</span> <span class='ocrx_word' id='word_1_108' title='bbox 941 1964 988 2039; x_wconf 88' lang='lat' dir='ltr'>ad</span> <span class='ocrx_word' id='word_1_109' title='bbox 1009 1965 1105 2036; x_wconf 78' lang='lat' dir='ltr'>iram</span> <span class='ocrx_word' id='word_1_110' title='bbox 1117 1983 1193 2052; x_wconf 87' lang='lat' dir='ltr'>pro-</span> 
     </span>
     <span class='ocr_line' id='line_1_18' title="bbox 240 2064 1193 2154; baseline -0.002 -24"><span class='ocrx_word' id='word_1_111' title='bbox 240 2075 459 2149; x_wconf 64' lang='lat' dir='ltr'>vocaretur,</span> <span class='ocrx_word' id='word_1_112' title='bbox 492 2075 532 2132; x_wconf 90' lang='lat' dir='ltr'>et</span> <span class='ocrx_word' id='word_1_113' title='bbox 543 2064 718 2142; x_wconf 74' lang='lat' dir='ltr'>inimieos,</span> <span class='ocrx_word' id='word_1_114' title='bbox 733 2065 843 2144; x_wconf 81' lang='lat' dir='ltr'>valde·</span> <span class='ocrx_word' id='word_1_115' title='bbox 854 2064 1063 2154; x_wconf 75' lang='lat' dir='ltr'>erudiebat,</span> <span class='ocrx_word' id='word_1_116' title='bbox 1097 2083 1193 2152; x_wconf 89' lang='lat' dir='ltr'>quos·</span> 
     </span>
     <span class='ocr_line' id='line_1_19' title="bbox 240 2160 1195 2255; baseline -0.005 -23"><span class='ocrx_word' id='word_1_117' title='bbox 240 2160 333 2236; x_wconf 85' lang='lat' dir='ltr'>dem</span> <span class='ocrx_word' id='word_1_118' title='bbox 348 2161 450 2236; x_wconf 80' lang='lat' dir='ltr'>vivos</span> <span class='ocrx_word' id='word_1_119' title='bbox 466 2163 737 2255; x_wconf 69' lang='lat' dir='ltr'>comburebat,</span> <span class='ocrx_word' id='word_1_120' title='bbox 776 2165 866 2244; x_wconf 81' lang='lat' dir='ltr'>elios</span> <span class='ocrx_word' id='word_1_121' title='bbox 885 2163 1026 2240; x_wconf 82' lang='lat' dir='ltr'>rabidis</span> <span class='ocrx_word' id='word_1_122' title='bbox 1053 2162 1195 2232; x_wconf 75' lang='lat' dir='ltr'>canibus</span> 
     </span>
     <span class='ocr_line' id='line_1_20' title="bbox 239 2259 1194 2356; baseline -0.004 -24"><span class='ocrx_word' id='word_1_123' title='bbox 239 2261 494 2336; x_wconf 80' lang='lat' dir='ltr'>dilacerandos</span> <span class='ocrx_word' id='word_1_124' title='bbox 528 2263 680 2354; x_wconf 84' lang='lat' dir='ltr'>objecit,</span> <span class='ocrx_word' id='word_1_125' title='bbox 727 2267 929 2339; x_wconf 75' lang='lat' dir='ltr'>nonnullos</span> <span class='ocrx_word' id='word_1_126' title='bbox 965 2264 1030 2356; x_wconf 76' lang='lat' dir='ltr'>(ed</span> <span class='ocrx_word' id='word_1_127' title='bbox 1053 2259 1194 2348; x_wconf 73' lang='lat' dir='ltr'>necem)</span> 
     </span>
     <span class='ocr_line' id='line_1_21' title="bbox 240 2361 1196 2452; baseline -0.002 -24"><span class='ocrx_word' id='word_1_128' title='bbox 240 2361 456 2432; x_wconf 74' lang='lat' dir='ltr'>verberibus</span> <span class='ocrx_word' id='word_1_129' title='bbox 482 2366 683 2452; x_wconf 75' lang='lat' dir='ltr'>percussit,</span> <span class='ocrx_word' id='word_1_130' title='bbox 732 2366 824 2437; x_wconf 86' lang='lat' dir='ltr'>alios</span> <span class='ocrx_word' id='word_1_131' title='bbox 854 2385 898 2433; x_wconf 86' lang='lat' dir='ltr'>ex</span> <span class='ocrx_word' id='word_1_132' title='bbox 932 2365 1018 2446; x_wconf 81' lang='lat' dir='ltr'>altis</span> <span class='ocrx_word' id='word_1_133' title='bbox 1050 2361 1196 2452; x_wconf 81' lang='lat' dir='ltr'>rupibus</span> 
     </span>
     <span class='ocr_line' id='line_1_22' title="bbox 240 2458 1198 2553; baseline -0.004 -23"><span class='ocrx_word' id='word_1_134' title='bbox 240 2461 510 2552; x_wconf 64' lang='lat' dir='ltr'>praecipitavite</span> <span class='ocrx_word' id='word_1_135' title='bbox 532 2465 788 2553; x_wconf 85' lang='lat' dir='ltr'>quibusrebus</span> <span class='ocrx_word' id='word_1_136' title='bbox 803 2463 1019 2551; x_wconf 83' lang='lat' dir='ltr'>factumest,</span> <span class='ocrx_word' id='word_1_137' title='bbox 1043 2477 1087 2530; x_wconf 88' lang='lat' dir='ltr'>ut</span> <span class='ocrx_word' id='word_1_138' title='bbox 1097 2458 1198 2528; x_wconf 66' lang='lat' dir='ltr'>antici</span> 
     </span>
     <span class='ocr_line' id='line_1_23' title="bbox 241 2561 1197 2653; baseline -0.007 -20"><span class='ocrx_word' id='word_1_139' title='bbox 241 2585 332 2636; x_wconf 87' lang='lat' dir='ltr'>eum</span> <span class='ocrx_word' id='word_1_140' title='bbox 350 2561 527 2632; x_wconf 83' lang='lat' dir='ltr'>benevole</span> <span class='ocrx_word' id='word_1_141' title='bbox 550 2579 737 2653; x_wconf 81' lang='lat' dir='ltr'>emerent,</span> <span class='ocrx_word' id='word_1_142' title='bbox 781 2564 926 2638; x_wconf 84' lang='lat' dir='ltr'>inimici</span> <span class='ocrx_word' id='word_1_143' title='bbox 952 2587 1039 2636; x_wconf 80' lang='lat' dir='ltr'>vero</span> <span class='ocrx_word' id='word_1_144' title='bbox 1062 2574 1197 2637; x_wconf 86' lang='lat' dir='ltr'>metue-</span> 
     </span>
     <span class='ocr_line' id='line_1_24' title="bbox 240 2659 1197 2754; baseline -0.002 -25"><span class='ocrx_word' id='word_1_145' title='bbox 240 2675 348 2744; x_wconf 63' lang='lat' dir='ltr'>rente</span> <span class='ocrx_word' id='word_1_146' title='bbox 374 2659 460 2728; x_wconf 85' lang='lat' dir='ltr'>ideo</span> <span class='ocrx_word' id='word_1_147' title='bbox 477 2662 662 2754; x_wconf 72' lang='lat' dir='ltr'>ingemet</span> <span class='ocrx_word' id='word_1_148' title='bbox 680 2663 952 2739; x_wconf 78' lang='lat' dir='ltr'>suooeeeussuit</span> <span class='ocrx_word' id='word_1_149' title='bbox 966 2663 1007 2733; x_wconf 88' lang='lat' dir='ltr'>in</span> <span class='ocrx_word' id='word_1_150' title='bbox 1022 2660 1197 2754; x_wconf 82' lang='lat' dir='ltr'>religione</span> 
     </span>
     <span class='ocr_line' id='line_1_25' title="bbox 240 2755 1199 2855; baseline -0.015 -15"><span class='ocrx_word' id='word_1_151' title='bbox 240 2759 440 2840; x_wconf 73' lang='lat' dir='ltr'>,christiana</span> <span class='ocrx_word' id='word_1_152' title='bbox 457 2755 717 2855; x_wconf 77' lang='lat' dir='ltr'>propaganda,</span> <span class='ocrx_word' id='word_1_153' title='bbox 743 2765 899 2854; x_wconf 85' lang='lat' dir='ltr'>aliisque</span> <span class='ocrx_word' id='word_1_154' title='bbox 914 2763 955 2832; x_wconf 94' lang='lat' dir='ltr'>in</span> <span class='ocrx_word' id='word_1_155' title='bbox 972 2765 1102 2850; x_wconf 81' lang='lat' dir='ltr'>rebus,</span> <span class='ocrx_word' id='word_1_156' title='bbox 1126 2773 1199 2828; x_wconf 77' lang='lat' dir='ltr'>tem</span> 
     </span>
     <span class='ocr_line' id='line_1_26' title="bbox 241 2859 1199 2954; baseline -0.005 -26"><span class='ocrx_word' id='word_1_157' title='bbox 241 2859 343 2936; x_wconf 83' lang='lat' dir='ltr'>intra¹</span> <span class='ocrx_word' id='word_1_158' title='bbox 362 2882 473 2948; x_wconf 82' lang='lat' dir='ltr'>quam</span> <span class='ocrx_word' id='word_1_159' title='bbox 489 2877 591 2936; x_wconf 81' lang='lat' dir='ltr'>extre</span> <span class='ocrx_word' id='word_1_160' title='bbox 608 2866 788 2954; x_wconf 77' lang='lat' dir='ltr'>petriam,</span> <span class='ocrx_word' id='word_1_161' title='bbox 814 2864 917 2952; x_wconf 89' lang='lat' dir='ltr'>quod</span> <span class='ocrx_word' id='word_1_162' title='bbox 938 2863 1002 2938; x_wconf 82' lang='lat' dir='ltr'>alii</span> <span class='ocrx_word' id='word_1_163' title='bbox 1021 2875 1150 2951; x_wconf 75' lang='lat' dir='ltr'>sponte</span> <span class='ocrx_word' id='word_1_164' title='bbox 1166 2871 1199 2924; x_wconf 88' lang='lat' dir='ltr'>et</span> 
     </span>
     <span class='ocr_line' id='line_1_27' title="bbox 242 2959 1198 3050; baseline -0.002 -22"><span class='ocrx_word' id='word_1_165' title='bbox 242 2959 429 3049; x_wconf 78' lang='lat' dir='ltr'>amicitia,</span> <span class='ocrx_word' id='word_1_166' title='bbox 467 2962 533 3036; x_wconf 81' lang='lat' dir='ltr'>etii</span> <span class='ocrx_word' id='word_1_167' title='bbox 559 2977 666 3040; x_wconf 74' lang='lat' dir='ltr'>metu</span> <span class='ocrx_word' id='word_1_168' title='bbox 699 2965 885 3042; x_wconf 79' lang='lat' dir='ltr'>voluntati</span> <span class='ocrx_word' id='word_1_169' title='bbox 914 2963 994 3050; x_wconf 83' lang='lat' dir='ltr'>ejus</span> <span class='ocrx_word' id='word_1_170' title='bbox 1023 2962 1198 3050; x_wconf 81' lang='lat' dir='ltr'>obseque-</span> 
     </span>
     <span class='ocr_line' id='line_1_28' title="bbox 241 3059 477 3138; baseline 0.013 -11"><span class='ocrx_word' id='word_1_171' title='bbox 241 3059 387 3138; x_wconf 67' lang='lat' dir='ltr'>bantun</span> <span class='ocrx_word' id='word_1_172' title='bbox 475 3123 477 3130; x_wconf 78' lang='grc'>,</span> 
     </span>
    </p>

    <p class='ocr_par' dir='ltr' id='par_1_3' title="bbox 241 3160 1203 3850">
     <span class='ocr_line' id='line_1_29' title="bbox 242 3160 1200 3252; baseline 0.002 -30"><span class='ocrx_word' id='word_1_173' title='bbox 242 3213 246 3222; x_wconf 95' lang='grc'><em>.</em></span> <span class='ocrx_word' id='word_1_174' title='bbox 344 3160 433 3250; x_wconf 84' lang='lat' dir='ltr'>Cap.-</span> <span class='ocrx_word' id='word_1_175' title='bbox 460 3169 532 3234; x_wconf 76' lang='lat'><strong>207.</strong></span> <span class='ocrx_word' id='word_1_176' title='bbox 584 3163 657 3240; x_wconf 84' lang='lat' dir='ltr'>Die</span> <span class='ocrx_word' id='word_1_177' title='bbox 680 3161 838 3252; x_wconf 83' lang='lat' dir='ltr'>qvodam</span> <span class='ocrx_word' id='word_1_178' title='bbox 867 3163 980 3248; x_wconf 81' lang='lat' dir='ltr'>hujus</span> <span class='ocrx_word' id='word_1_179' title='bbox 1013 3160 1120 3232; x_wconf 74' lang='lat' dir='ltr'>veris</span> <span class='ocrx_word' id='word_1_180' title='bbox 1139 3181 1200 3228; x_wconf 87' lang='lat' dir='ltr'>rex</span> 
     </span>
     <span class='ocr_line' id='line_1_30' title="bbox 243 3261 1199 3354; baseline -0.004 -26"><span class='ocrx_word' id='word_1_181' title='bbox 243 3261 379 3329; x_wconf 81' lang='lat' dir='ltr'>olavus</span> <span class='ocrx_word' id='word_1_182' title='bbox 396 3263 644 3354; x_wconf 85' lang='lat' dir='ltr'>Sigmundum</span> <span class='ocrx_word' id='word_1_183' title='bbox 659 3264 836 3335; x_wconf 81' lang='lat' dir='ltr'>Bresteris</span> <span class='ocrx_word' id='word_1_184' title='bbox 860 3264 981 3337; x_wconf 82' lang='lat' dir='ltr'>filium</span> <span class='ocrx_word' id='word_1_185' title='bbox 1005 3263 1199 3332; x_wconf 82' lang='lat' dir='ltr'>allooutus:</span> 
     </span>
     <span class='ocr_line' id='line_1_31' title="bbox 241 3359 1201 3454; baseline -0.005 -26"><span class='ocrx_word' id='word_1_186' title='bbox 241 3359 356 3454; x_wconf 82' lang='lat' dir='ltr'>hodie</span> <span class='ocrx_word' id='word_1_187' title='bbox 373 3383 443 3428; x_wconf 89' lang='lat' dir='ltr'>nos</span> <span class='ocrx_word' id='word_1_188' title='bbox 461 3362 702 3449; x_wconf 79' lang='lat' dir='ltr'>obleotemus,</span> <span class='ocrx_word' id='word_1_189' title='bbox 728 3363 864 3451; x_wconf 86' lang='lat' dir='ltr'>inquit,</span> <span class='ocrx_word' id='word_1_190' title='bbox 891 3377 1109 3449; x_wconf 81' lang='lat' dir='ltr'>nostrasque</span> <span class='ocrx_word' id='word_1_191' title='bbox 1131 3359 1201 3450; x_wconf 81' lang='lat' dir='ltr'>agi-</span> 
     </span>
     <span class='ocr_line' id='line_1_32' title="bbox 241 3460 1201 3548; baseline -0.004 -20"><span class='ocrx_word' id='word_1_192' title='bbox 241 3460 366 3536; x_wconf 82' lang='lat' dir='ltr'>litates</span> <span class='ocrx_word' id='word_1_193' title='bbox 409 3461 657 3548; x_wconf 84' lang='lat' dir='ltr'>experiamur.</span> <span class='ocrx_word' id='word_1_194' title='bbox 724 3463 782 3534; x_wconf 86' lang='lat' dir='ltr'>Ad</span> <span class='ocrx_word' id='word_1_195' title='bbox 814 3464 910 3534; x_wconf 85' lang='lat' dir='ltr'>hanc</span> <span class='ocrx_word' id='word_1_196' title='bbox 943 3485 1025 3530; x_wconf 87' lang='lat' dir='ltr'>rem</span> <span class='ocrx_word' id='word_1_197' title='bbox 1052 3461 1201 3532; x_wconf 80' lang='lat' dir='ltr'>facultas</span> 
     </span>
     <span class='ocr_line' id='line_1_33' title="bbox 241 3559 1202 3654; baseline -0.002 -28"><span class='ocrx_word' id='word_1_198' title='bbox 241 3559 338 3636; x_wconf 83' lang='lat' dir='ltr'>mihi</span> <span class='ocrx_word' id='word_1_199' title='bbox 358 3559 477 3645; x_wconf 84' lang='lat' dir='ltr'>deest,</span> <span class='ocrx_word' id='word_1_200' title='bbox 511 3560 679 3636; x_wconf 79' lang='lat' dir='ltr'>domine!</span> <span class='ocrx_word' id='word_1_201' title='bbox 721 3560 1041 3654; x_wconf 73' lang='lat' dir='ltr'>aitSigmtindus3</span> <span class='ocrx_word' id='word_1_202' title='bbox 1073 3573 1202 3628; x_wconf 80' lang='lat' dir='ltr'>tuoto·</span> 
     </span>
     <span class='ocr_line' id='line_1_34' title="bbox 241 3660 1203 3751; baseline -0.003 -23"><span class='ocrx_word' id='word_1_203' title='bbox 241 3682 331 3730; x_wconf 88' lang='lat' dir='ltr'>men</span> <span class='ocrx_word' id='word_1_204' title='bbox 348 3660 500 3735; x_wconf 82' lang='lat' dir='ltr'>arbitrio</span> <span class='ocrx_word' id='word_1_205' title='bbox 518 3660 611 3748; x_wconf 88' lang='lat' dir='ltr'>hoo,</span> <span class='ocrx_word' id='word_1_206' title='bbox 649 3663 801 3747; x_wconf 84' lang='lat' dir='ltr'>utalia,</span> <span class='ocrx_word' id='word_1_207' title='bbox 841 3685 924 3751; x_wconf 84' lang='lat' dir='ltr'>quae</span> <span class='ocrx_word' id='word_1_208' title='bbox 948 3661 988 3732; x_wconf 87' lang='lat' dir='ltr'>in</span> <span class='ocrx_word' id='word_1_209' title='bbox 1005 3683 1089 3736; x_wconf 84' lang='lat' dir='ltr'>mea</span> <span class='ocrx_word' id='word_1_210' title='bbox 1105 3674 1203 3750; x_wconf 87' lang='lat' dir='ltr'>pote·</span> 
     </span>
     <span class='ocr_line' id='line_1_35' title="bbox 242 3760 1203 3850; baseline -0.006 -20"><span class='ocrx_word' id='word_1_211' title='bbox 242 3772 336 3830; x_wconf 81' lang='lat' dir='ltr'>state</span> <span class='ocrx_word' id='word_1_212' title='bbox 351 3775 457 3847; x_wconf 82' lang='lat' dir='ltr'>sunt,</span> <span class='ocrx_word' id='word_1_213' title='bbox 496 3760 724 3850; x_wconf 85' lang='lat' dir='ltr'>permittam.</span> <span class='ocrx_word' id='word_1_214' title='bbox 778 3761 926 3834; x_wconf 84' lang='lat' dir='ltr'>Deinde</span> <span class='ocrx_word' id='word_1_215' title='bbox 945 3761 1119 3847; x_wconf 87' lang='lat' dir='ltr'>natando,</span> <span class='ocrx_word' id='word_1_216' title='bbox 1160 3760 1203 3844; x_wconf 78' lang='lat' dir='ltr'>ja-</span> 
     </span>
    </p>
   </div>
   <div class='ocr_carea' id='block_1_3' title="bbox 188 3944 1204 4195">
    <p class='ocr_par' dir='ltr' id='par_1_4' title="bbox 188 3944 1204 4195">
     <span class='ocr_line' id='line_1_36' title="bbox 246 3944 1204 4018; baseline -0.002 -24"><span class='ocrx_word' id='word_1_217' title='bbox 246 3945 274 4014; x_wconf 89' lang='grc' dir='ltr'>Ι)</span> <span class='ocrx_word' id='word_1_218' title='bbox 295 3944 553 4016; x_wconf 62' lang='lat' dir='ltr'>Sundrgerdornrtdr,</span> <span class='ocrx_word' id='word_1_219' title='bbox 581 3947 632 4000; x_wconf 68' lang='lat' dir='ltr'>lato</span> <span class='ocrx_word' id='word_1_220' title='bbox 649 3965 739 4010; x_wconf 83' lang='lat' dir='ltr'>sensu,</span> <span class='ocrx_word' id='word_1_221' title='bbox 768 3949 854 4018; x_wconf 83' lang='lat' dir='ltr'>quiin</span> <span class='ocrx_word' id='word_1_222' title='bbox 872 3947 942 3999; x_wconf 77' lang='lat' dir='ltr'>omui</span> <span class='ocrx_word' id='word_1_223' title='bbox 958 3949 1019 3998; x_wconf 71' lang='lat' dir='ltr'>vite,</span> <span class='ocrx_word' id='word_1_224' title='bbox 1032 3957 1120 4016; x_wconf 80' lang='lat' dir='ltr'>tenore</span> <span class='ocrx_word' id='word_1_225' title='bbox 1134 3945 1204 4010; x_wconf 65' lang='lat' dir='ltr'>urigo</span> 
     </span>
     <span class='ocr_line' id='line_1_37' title="bbox 276 4035 1204 4109; baseline -0.008 -21"><span class='ocrx_word' id='word_1_226' title='bbox 276 4056 303 4088; x_wconf 87' lang='lat' dir='ltr'>se</span> <span class='ocrx_word' id='word_1_227' title='bbox 319 4040 431 4087; x_wconf 79' lang='lat' dir='ltr'>eximere</span> <span class='ocrx_word' id='word_1_228' title='bbox 448 4035 547 4102; x_wconf 66' lang='lat' dir='ltr'>studet,</span> <span class='ocrx_word' id='word_1_229' title='bbox 571 4037 726 4106; x_wconf 81' lang='lat' dir='ltr'>specialiter,</span> <span class='ocrx_word' id='word_1_230' title='bbox 749 4037 795 4109; x_wconf 89' lang='lat' dir='ltr'>qui</span> <span class='ocrx_word' id='word_1_231' title='bbox 813 4038 840 4085; x_wconf 87' lang='lat' dir='ltr'>in</span> <span class='ocrx_word' id='word_1_232' title='bbox 856 4036 927 4086; x_wconf 86' lang='lat' dir='ltr'>cultu</span> <span class='ocrx_word' id='word_1_233' title='bbox 941 4047 965 4085; x_wconf 87' lang='lat' dir='ltr'>et</span> <span class='ocrx_word' id='word_1_234' title='bbox 979 4035 1204 4104; x_wconf 77' lang='lat' dir='ltr'>semroneelogan-</span> 
     </span>
     <span class='ocr_line' id='line_1_38' title="bbox 188 4125 689 4195; baseline -0.008 -17"><span class='ocrx_word' id='word_1_235' title='bbox 188 4143 191 4148; x_wconf 87' lang='grc'><em>·</em></span> <span class='ocrx_word' id='word_1_236' title='bbox 276 4131 339 4180; x_wconf 80' lang='lat' dir='ltr'>tiam</span> <span class='ocrx_word' id='word_1_237' title='bbox 350 4125 420 4178; x_wconf 77' lang='lat' dir='ltr'>haud</span> <span class='ocrx_word' id='word_1_238' title='bbox 434 4128 566 4195; x_wconf 79' lang='lat' dir='ltr'>vulgarem</span> <span class='ocrx_word' id='word_1_239' title='bbox 580 4126 689 4179; x_wconf 74' lang='lat' dir='ltr'>affectat.</span> 
     </span>
    </p>
   </div>
   <div class='ocr_carea' id='block_1_4' title="bbox 0 0 1258 4772">
    <p class='ocr_par' dir='ltr' id='par_1_5' title="bbox 0 0 1258 4772">
     <span class='ocr_line' id='line_1_39' title="bbox 0 0 1258 4772; baseline 0 0"><span class='ocrx_word' id='word_1_240' title='bbox 0 0 1258 4772; x_wconf 95' lang='lat' dir='ltr'> </span> 
     </span>
    </p>
   </div>
  </div>
 </body>
</html>
