2528 4770
313 254 403 346 268
598 264 867 330 ..Ψ-43
1029 246 1208 337 'etto

250 486 346 556 disse
373 505 411 551 se
436 495 474 551 et
501 480 711 571 audivisse,
737 493 820 573 q'uae
847 477 960 551 modo
983 479 1101 550 relata
1121 495 1208 554 suot.

251 585 367 672 Cujus
384 583 517 652 relatio
535 582 785 674 prudentibus
807 582 898 651 viris
917 580 1128 650 verisimilis
1142 583 1211 654 visa

251 699 325 774 est,
351 707 441 754 nam
451 682 507 754 vir
523 683 674 756 habitus
692 695 749 754 est
763 683 836 754 fide
852 681 986 775 dignus
1004 696 1043 751 et
1055 681 1211 752 veritatis

158 875 161 882 Ι
250 805 412 874 ιιιιιιιιε.Ι

423 955 485 1028 De
511 953 657 1031 visione
680 915 842 1050 Sigerdi
865 951 1050 1050 epiceopi.

351 1091 439 1182 Cap.
458 1093 530 1160 240
584 1086 736 1160 Dicitur
757 1109 823 1156 rex
847 1087 1002 1176 olavus,
1030 1107 1116 1156 cum
1134 1091 1211 1159 co'n·

249 1189 394 1262 rivium
405 1177 560 1278 aliquod
574 1187 711 1276 obiret,
724 1201 942 1280 postquam,
956 1187 1084 1256 audita
1102 1188 1211 1278 missa,

248 1295 290 1362 in
304 1289 541 1361 coenaculum
557 1311 596 1356 se
611 1301 806 1379 receperat
827 1287 961 1378 suique
978 1285 1211 1357 omnessedes

225 1411 227 1416 ·
250 1412 332 1474 suat
349 1402 637 1482 occupaverant,
664 1407 710 1457 ex
728 1411 904 1480 supreme
918 1387 995 1458 aede
1016 1409 1212 1478 econspec·

249 1507 294 1562 tu
310 1491 455 1560 ablatus
468 1489 589 1558 subito
606 1489 739 1580 fuisse,
764 1504 808 1558 ut
825 1512 846 1558 a
864 1488 1018 1558 nemine
1036 1483 1212 1580 con'spice-

249 1587 375 1681 r'etur,
402 1591 513 1660 certis
529 1591 721 1680 omnibus,
744 1613 821 1663 non
840 1611 887 1658 ex
898 1590 1093 1659 coenaculo
1106 1593 1249 1682 egres

250 1715 357 1790 sunt,
384 1691 515 1761 deinde
532 1690 626 1760 alter
649 1691 811 1760 alterum
827 1711 1012 1804 quaerere,
1044 1689 1114 1758 ubi
1129 1689 1213 1759 forte

136 1799 138 1806 ’
251 1808 368 1878 esset5
419 1792 519 1883 quod
552 1791 729 1882 expedire
758 1813 836 1860 non
861 1789 988 1886 potuit
1013 1787 1250 1882 quisquam.

252 1889 350 1962 Cum
358 1913 446 1962 vero
460 1891 642 1984 Sigurdus
658 1891 859 1983 episcopus
876 1913 1092 1960 sermonem
1105 1891 1214 1959 homi

249 2015 345 2062 ιιιιιιι
366 1991 705 2080 animadverteret,
739 1991 841 2060 infit:
868 1991 907 2060 id
931 1990 1088 2083 ¹quidem
1109 1993 1214 2083 probe

251 2093 375 2165 dicere
390 2113 544 2182 possum
560 2092 629 2160 ubi
646 2092 720 2175 sit3
747 2114 898 2180 eccum,
924 2093 965 2162 i‘n
979 2091 1106 2162 medio
1126 2093 1215 2182 pavi·

249 2207 381 2264 mento
397 2205 470 2262 stat
486 2205 630 2260 etcum
649 2215 693 2260 eo
710 2192 951 2282 colloquitur,
975 2209 1095 2284 quem¹
1104 2187 1251 2262 videre

249 2315 327 2362 non
343 2292 400 2360 fas
416 2305 490 2381 est,
519 2304 557 2360 et
576 2292 659 2360 ideo
676 2313 806 2386 regem
820 2315 898 2364 ιιοιι
909 2291 1055 2364 videtis.
1103 2292 1216 2362 Paulo

249 2407 352 2484 post,
390 2393 456 2483 qui
476 2394 580 2460 intus
603 2407 728 2482 erent,
762 2391 892 2462 vident
909 2413 1045 2486 regem
1069 2391 1112 2462 in
1135 2394 1217 2462 solio

248 2494 467 2582 sedentem,
502 2515 618 2584 quare
640 2515 770 2563 omnes
790 2515 1006 2584 persrasum
1026 2493 1252 2580 habebant,

251 2615 341 2665 cum
366 2591 427 2662 dei
444 2595 578 2686 angelo
600 2593 715 2662 fuisse
738 2596 985 2664 collocutum.
1048 2593 1163 2680 Crtjue
1187 2618 1219 2662 e

250 2693 354 2762 venti
370 2711 506 2785 magna
524 2692 597 2760 fuit
612 2694 711 2784 opud
728 2707 856 2766 omnes
872 2689 1092 2785 admlratio,
1117 2715 1219 2763 nemo

249 2802 380 2861 autem
408 2791 455 2862 de
479 2815 523 2862 eo
547 2794 653 2886 l‘oqui
676 2799 741 2864 'e'ut
760 2817 805 2862 ex
830 2811 919 2888 rege
936 2813 1126 2886 quaerere,
1147 2797 1219 2886 'quo

249 2896 363 2985 p'acto
379 2892 591 2983 accidisset,
613 2916 722 2963 ausus
738 2909 801 2965 est.
855 2899 937 2988 Qua
952 2897 1046 2965 inre
1062 2894 1221 2964 deus'ho-

249 2992 418 3063 minibus
435 2993 632 3064 ostendere
649 2995 769 3066 voluit
793 2997 975 3066 meritum
990 2990 1101 3064 Oleri
1118 2996 1222 3088 regis,

249 3093 436 3208 quamvis·
445 3095 564 3166 latere
584 3097 786 3210 cupientis,
822 3099 915 3166 item
940 3077 1150 3166 boritetem
1175 3095 1222 3164 Si·

250 3193 363 3290 gurdi
379 3193 562 3304 episcopi,
591 3197 675 3288 qui,
699 3197 805 3290 quod
819 3196 1065 3290 praesentium
1084 3194 1222 3264 nemini

249 3305 387 3384 preter
401 3315 535 3388 regem
553 3298 647 3368 scire
661 3299 790 3368 dotum
803 3311 858 3366 est
867 3295 1118 3386 ,conspicere
1133 3295 1224 3364 eliis-

251 3415 325 3483 que
342 3394 484 3464 referre
493 3397 630 3512 potuit
685 3398 743 3470 Sic
759 3419 909 3490 quoque
924 3395 1133 3466 traduntur
1142 3417 1225 3486 quo

248 3493 410 3568 tundam
424 3496 652 3586 sapientium
666 3499 870 3573 hominum
883 3497 1004 3586 dicta,
1032 3497 1100 3566 ubi
1118 3498 1224 3588 longo

248 3608 337 3686 post
359 3607 533 3686 tempore
552 3619 672 3667 sermo
698 3598 744 3668 de
759 3621 850 3694 rege
871 3599 987 3668 Olovo
1011 3596 1225 3667 institueba-

248 3709 333 3782 tur,
340 3694 470 3764 visum
489 3695 577 3789 ipsis
592 3719 683 3784 esse,
700 3697 949 3791 quibusdam
939 3721 980 3766 ιιι
994 3697 1111 3766 rebus
1121 3717 1225 3788 posse

248 3795 387 3866 merito
412 3795 593 3887 dubitari,
620 3813 843 3889 terrenusne
866 3811 1014 3868 tantum
1031 3797 1151 3868 homo
1166 3817 1230 3864 rex

241 3895 387 3984 1ΟΙιιιιε
398 3894 551 3986 sufficet,
578 3903 798 3971 ancoelestis
815 3903 988 3988 nuntius,
1011 3897 1226 3968 auxilioho·

240 3995 536 4080 ¹minibueedeo
551 3999 701 4072 missust
798 4027 801 4038 ¹
832 4011 835 4018 '
