2502 4774
315 221 401 314 tto
600 249 866 310 ...·-....·.·.=
1093 254 1148 340 rot
1165 259 1199 324 c.

250 455 440 550 Hgionem,
467 453 740 552 quamcognati
755 452 987 546 majoresque
1004 453 1064 524 sui
1077 456 1199 524 tenuis-

250 570 395 628 santet
422 556 692 638 observassent,
726 566 871 644 tamen,
904 568 1057 624 auctore
1085 555 1200 624 Sveine

250 658 419 745 juniore,
456 656 607 724 iverunt
627 666 665 722 et
688 673 819 744 regem
836 669 1111 737 convenerunt3
1146 657 1201 744 qui

251 759 349 826 bene
371 778 433 824 eos
453 756 653 844 accipiens,
683 766 727 820 ut
742 754 964 846 religionem
980 755 1201 824 christianam

251 858 587 946 amplecterentur,
609 853 724 940 jussit
777 853 914 932 Sveinn
927 855 1051 924 senior
1067 877 1199 944 respon·

254 957 325 1026 dit:
347 977 424 1024 non
433 955 580 1026 missam
593 954 815 1046 religionem
828 978 952 1022 meam
963 953 1106 1024 faciam.
1130 955 1199 1025 Rex

251 1055 434 1146 reposuit:
460 1067 545 1123 tum
559 1053 679 1124 subita
689 1053 756 1120 fiet
769 1076 897 1122 rerum
915 1054 1114 1144 conversio,
1126 1077 1200 1121 nam

251 1169 289 1224 te
304 1153 605 1226 interficiendum
617 1153 765 1222 curabo.
818 1156 901 1224 Hoc
924 1151 1033 1222 facias
1054 1153 1154 1243 licet,
1175 1155 1200 1220 si

250 1257 326 1344 vis,
360 1255 413 1324 ait
434 1254 592 1335 Sveinn3
616 1253 731 1322 homo
756 1275 984 1342 sumsenerr,
1009 1251 1113 1339 cujus
1135 1277 1200 1322 11011

251 1356 378 1448 magni
394 1353 551 1441 referat,
582 1350 671 1420 foris
694 1376 742 1420 an
757 1353 877 1442 intus,
903 1355 1094 1444 aliquanto
1112 1355 1201 1444 prius

251 1479 300 1524 an
320 1456 438 1522 serius
455 1455 603 1522 moriar.
663 1457 764 1524 Tum
780 1453 916 1522 Sveinn
934 1453 1059 1540 junior
1087 1474 1201 1544 regem

251 1555 402 1624 allatus:
440 1551 605 1622 domine!
631 1551 774 1642 inquit,
800 1575 931 1644 parce,
959 1575 1100 1644 quaeso,
1118 1551 1202 1644 patri

251 1678 358 1741 meo,
393 1676 516 1744 neque
534 1653 840 1740 euminterflce,
861 1677 949 1722 nam
970 1674 1106 1744 magno
1129 1651 1199 1722 loco

250 1767 438 1840 natusest,
457 1754 674 1842 multosque
689 1753 918 1842 propinquos
933 1753 1064 1836 babet,
1091 1775 1200 1841 quare,

251 1857 284 1924 si
298 1855 343 1921 de
364 1853 488 1922 medio
507 1853 675 1920 sublatus
692 1851 827 1940 fuerit,
854 1855 993 1922 multos
1020 1852 1202 1942 optimates

250 1955 322 2022 tibi
336 1951 487 2020 habebis
503 1951 740 2021 adversarios.
779 1953 858 2024 Rex
874 1951 1101 2044 intelligens,
1118 1952 1202 2020 Svei-

251 2077 340 2121 nem
364 2052 552 2138 juniorem
572 2052 692 2120 multo
708 2052 860 2120 lenioris
874 2053 988 2120 animi
1004 2077 1099 2139 esse,
1126 2072 1202 2144 eum

251 2153 400 2220 affatus:
438 2149 528 2242 quid
559 2151 796 2242 potissimum
822 2175 938 2220 causae
967 2167 1040 2239 est,
1081 2153 1201 2242 inquit,

253 2275 320 2320 cur
342 2265 448 2341 pater
464 2264 551 2320 tuus
569 2251 682 2318 fidem
701 2251 877 2340 amplecti
901 2251 991 2320 adeo
1010 2249 1202 2320 detrectet?

251 2376 301 2420 an
317 2351 376 2420 illi
391 2351 548 2418 molesta
569 2349 742 2418 videntur
758 2351 898 2438 jejunia
915 2367 980 2420 aut
998 2351 1203 2420 afflictiones
1240 2313 1241 2379 l

252 2447 493 2542 spontaneae?
544 2450 681 2518 Sreinn
699 2451 917 2540 respondet:
946 2452 1080 2520 abhoc
1100 2451 1202 2546 pluri·
1239 2435 1240 2485 t

250 2575 359 2620 mum
374 2551 493 2638 abest,
519 2548 625 2616 fortis
642 2551 803 2616 enimvir
817 2565 872 2638 est
888 2566 925 2618 et
934 2552 1037 2620 omni
1052 2575 1096 2620 ex
1109 2563 1202 2641 parte

251 2664 441 2737 strenuus,
465 2648 631 2740 quamvis
644 2649 835 2734 ,senexsit5
861 2650 1191 2743 sedaegerrimefert
1237 2641 1238 2702 l

252 2749 389 2821 Thoris
411 2747 497 2816 fano
522 2747 679 2838 privari,
708 2773 790 2840 quae
814 2749 908 2830 aedes
928 2773 1063 2844 magna
1082 2765 1117 2819 et
1130 2748 1200 2840 pul·
1236 2735 1237 2810 l

253 2871 315 2918 cra
332 2863 396 2938 est,
419 2847 613 2938 splendide
628 2845 735 2938 facta,
749 2871 959 2942 magnoque
976 2865 1104 2920 sumtu
1113 2851 1201 2918 ador·

250 2962 359 3034 nata,
386 2971 466 3039 quae
483 2945 604 3016 diruta
619 2961 683 3016 aut
691 2950 838 3018 incensa
851 2951 1018 3035 animum
1032 2951 1121 3039 ejus,
1136 2973 1201 3018 cre-

253 3049 317 3137 do,
331 3050 453 3118 acrius
470 3061 609 3142 tanget.
660 3051 741 3119 Rex
756 3049 962 3138 respondit:
989 3075 1076 3118 vero
1090 3067 1200 3118 tamen

251 3149 484 3218 simillimum
505 3163 578 3236 est,
627 3148 853 3218 alterutrum
881 3151 1089 3220 necessario
1112 3150 1199 3217 futu-

205 3327 210 3336 ,
250 3271 346 3318 rum.
400 3249 536 3316 Sveinn
551 3247 736 3338 loquitur:
756 3251 1020 3318 consultumne
1035 3249 1103 3320 tibi
1116 3249 1200 3318 vide-

221 3358 224 3363 ’
251 3362 331 3436 tur,
359 3349 596 3438 permittere,
630 3361 674 3414 ut
695 3347 825 3416 fanum
839 3371 923 3417 cum
945 3365 1080 3418 ornatu
1100 3351 1200 3418 intac-

250 3461 334 3516 tum
349 3461 508 3536 maneat,
522 3445 692 3541 mihique
710 3447 854 3538 &patri,
870 3447 1094 3542 religionem
1104 3471 1201 3540 quam

249 3547 356 3637 jubes
370 3544 666 3638 acceptantibuS,
689 3545 728 3616 id
743 3545 926 3637 tribuere,
954 3563 996 3616 ut
1012 3563 1090 3620 tam
1104 3543 1199 3640 insig-

249 3671 299 3717 ne
316 3646 404 3714 artis
418 3659 708 3718 monumentum
725 3669 773 3716 ne
791 3645 972 3733 violetur,
1006 3674 1073 3718 nos
1090 3664 1198 3718 autem

250 3747 492 3836 pollicemur,
524 3742 563 3814 id
585 3745 685 3837 quod
703 3747 980 3837 praestabimus,
1006 3749 1100 3820 nihil
1115 3770 1197 3816 com·

250 3845 381 3914 mercii
395 3868 482 3915 cum
498 3843 623 3916 Thore
643 3843 855 3933 habituros,
881 3835 1143 3954 passurosque,
1165 3857 1198 3912 ut

252 3944 302 4015 dii
322 3945 473 4035 proprio
492 3959 608 4012 marte
622 3968 661 4014 se
682 3959 869 4014 tueantur.
934 3951 1013 4018 Rex
1032 3947 1130 4016 infit:
1162 3967 1197 4012 an

249 4044 323 4112 hoc
343 4039 557 4132 conveniat,
592 4045 736 4131 nesci03
777 4067 927 4136 verum,
955 4049 1197 4116 cumbenevo·
