2550 4772
66 273 167 342 1660.
447 269 712 337 Q
907 257 965 347 39

66 487 214 573 sivero,
251 495 296 552 ut
311 483 409 588 mihi
428 481 595 572 videtur,
623 477 749 571 cultus
765 486 879 562 vestri
898 487 1024 578 potius

68 586 349 674 contristantur,
387 608 513 675 neque
541 585 657 655 animi
676 609 741 678 spe
763 587 920 657 deorum
937 610 1023 657 con*

68 687 184 776 sortii,
223 685 281 752 uti
304 707 372 776 par
395 685 531 774 fuerit,
571 687 784 780 eriguntur,
825 689 870 758 de
892 711 1023 758 eorum

34 809 37 818 ’
69 787 336 878 omnipotentia
366 785 537 854 dubitare
564 787 754 861 videmini.
830 789 901 858 Sin
919 811 1027 876 vero,

71 911 144 980 quae
159 909 222 956 vos
238 886 399 975 doceb0,
426 887 523 956 sanis
548 888 713 957 consiliis
733 888 907 976 utemini,
923 889 1024 979 quod

68 1009 275 1082 persuasum
289 986 429 1076 habeo,
455 1009 519 1057 vos
536 1009 601 1057 oro
620 990 859 1091 obsecroque,
874 1002 917 1058 ut
926 1013 1022 1064 nun*

70 1113 172 1181 quarn
190 1086 348 1158 diabolis
372 1089 549 1178 credatis,
575 1089 639 1180 qui
655 1092 761 1159 nulla
777 1089 931 1180 praemia
944 1089 1021 1158 suis

71 1189 266 1258 cultoribus
278 1201 475 1279 praestant,
494 1189 567 1258 nisi
579 1213 659 1280 quoe
678 1191 750 1282 ipsi
760 1190 911 1281 habent,
929 1204 1022 1280 puta

71 1304 238 1360 aeternam
267 1289 458 1360 flammam
491 1289 736 1362 infernalium
764 1291 1021 1375 cruciatuum

69 1391 109 1459 ad
123 1391 232 1464 deum
241 1387 367 1479 potius
384 1410 447 1458 vos
458 1389 693 1481 convertatis,
714 1391 779 1483 qui
793 1405 871 1461 tam
886 1405 1021 1482 potens

71 1505 135 1580 est,
170 1503 249 1559 tam
269 1488 391 1577 mitis,
426 1503 580 1582 tamque
598 1491 794 1585 benignus,
833 1505 876 1559 ut
885 1493 1022 1583 cuique

69 1611 145 1660 vero
156 1613 221 1660 suo
229 1590 364 1672 cultori
377 1601 556 1660 aeternam
564 1591 836 1662 beatitudinem
846 1613 1021 1686 regnum-

70 1715 132 1782 que
147 1704 375 1784 perpetuum
400 1711 488 1760 cum
514 1713 554 1760 se
572 1691 654 1788 ipso
676 1692 879 1762 incoelesti
901 1690 1022 1784 gloria

70 1794 189 1880 donet,
228 1803 414 1862 transacta
441 1790 531 1881 hac,
571 1815 684 1882 quarn
714 1793 756 1862 in
774 1793 853 1861 hoc
881 1792 1020 1859 misero

69 1893 196 1962 mundo
217 1891 384 1984 agimus,
410 1912 576 1983 paupere
598 1893 683 1962 vira.
737 1893 846 1986 Quod
859 1912 1022 1986 regnum

70 1993 149 2062 dous
171 1992 409 2082 omnipotens
433 2015 511 2062 non
534 1993 660 2062 minus
680 1991 921 2084 pauperrimo
943 1991 1022 2061 cui·

71 2115 151 2181 que,
177 2115 290 2183 quam
306 2092 388 2185 regi
406 2092 572 2182 potenti,
600 2093 731 2183 donat,
774 2091 805 2161 si
827 2116 915 2163 eum
934 2115 1022 2160 vera

69 2191 131 2262 fide
146 2192 296 2262 ethonis
312 2191 419 2260 factis
440 2194 559 2277 colat,
585 2207 664 2262 tam
679 2195 746 2284 iis,
773 2194 837 2284 qui
854 2215 940 2260 eum
953 2197 1027 2284 per

70 2316 209 2363 ornnem
236 2306 385 2372 aetatem
411 2291 547 2362 delicta
572 2293 613 2362 in
631 2315 718 2362 eum
735 2291 1021 2379 commisissent,
1130 2326 1135 2334 ·

69 2405 382 2462 extremasenecta
398 2393 533 2478 adeius
549 2390 1022 2482 misericordiamperfecte

70 2493 293 2587 confugiant,
332 2515 446 2582 quam
467 2493 531 2581 iis,
557 2493 622 2584 qui
639 2492 727 2562 inde
749 2515 772 2560 a
782 2491 909 2584 pueris
934 2514 1023 2563 eum

69 2597 272 2664 coluerunt,
324 2592 441 2686 Regia
463 2592 581 2662 oratio
605 2593 645 2668 id
669 2591 853 2664 momenti
874 2591 1021 2680 habuit,
1051 2640 1055 2644 -

68 2708 249 2782 utomnes,
268 2693 334 2784 qui
350 2707 665 2782 soconvenerant,
680 2691 1022 2764 colonifidemvero

70 2795 446 2886 deorprofiterentur,
487 2794 661 2887 regisque
682 2816 816 2885 pacem
847 2815 1023 2882 exposce-

69 2910 161 2980 rent,
179 2893 357 2988 baptizati
374 2893 507 2963 deinde
517 2895 773 2982 juramentum
785 2893 867 2986 regi
879 2891 1023 2984 praesti-

69 3009 204 3087 terunt,
259 3019 298 3064 se
333 3017 461 3062 veram
493 2994 716 3092 religionem
746 2995 1022 3076 observaturos,

70 3099 163 3166 cultu
188 3095 384 3166 sacrificali
407 3095 588 3184 deposito.
618 3177 624 3186 .
667 3098 767 3188 Quos
796 3117 925 3162 omnes
956 3115 1024 3162 rex

69 3219 183 3266 secum
197 3195 349 3284 habuit,
377 3195 494 3263 donec
515 3195 611 3263 filios
625 3208 690 3262 aut
708 3193 841 3270 fratres
858 3193 1023 3262 autalios

67 3297 283 3372 necessarios
300 3295 448 3367 obsides
461 3295 706 3373 tradiderunt,

143 3467 298 3562 Religio
324 3463 542 3543 christiana
575 3464 771 3539 Thraeciis
797 3462 953 3541 Morio
1024 3504 1026 3510 ·

412 3565 647 3658 predicata.

153 3687 239 3780 Cap.
255 3695 326 3762 166.
380 3687 470 3758 Post
488 3685 629 3756 festum
647 3688 794 3758 Jolense
804 3708 871 3755 rex
888 3683 1026 3754 Olavus

67 3808 143 3859 cum
170 3787 499 3882 copiisinteriora
530 3786 807 3860 Thrandheimi
834 3787 1026 3878 ingressus

67 3902 131 3980 est,
164 3913 280 3982 quern
298 3905 382 3960 tum
404 3889 577 3976 Kjartan,
617 3887 780 3977 Bollius,
806 3885 1027 3956 Hallfrbdus

67 3990 195 4060 Ottaris
213 3991 334 4080 filius,
359 3989 548 4081 multique
568 3987 708 4058 Islandi
732 3987 1026 4068 comitabantur3

16 4109 17 4114 ’
66 4111 122 4160 rex
139 4093 285 4187 magnis
303 4094 485 4182 cultuque
501 4089 712 4184 insignibus
732 4087 850 4180 copiis
867 4083 1025 4180 stipatus
