2550 4772
297 239 376 338 ,44
568 263 837 328 Ξ
1102 263 1206 332 toro.

252 477 394 566 Dania,
419 476 526 564 jussu
541 473 640 568 regis
655 474 812 546 Haraldi
829 475 962 548 Gormi
976 471 1068 569 fflii‘,
1093 503 1207 572 quam-

252 580 308 650 vis
326 579 489 666 invitus,
514 575 721 666 baptizatus
746 591 824 664 est,
856 579 990 667 suique
1012 581 1078 670 qui
1095 581 1207 650 adfue-

252 694 356 750 runt·
370 701 519 766 omnes,
558 691 597 744 et
627 677 872 765 jurejurando
897 679 1119 770 interposito
1135 684 1208 775 regi

251 780 418 856 Haraldo
432 776 627 868 promisit,
654 801 695 848 se
710 801 841 849 omnes
859 783 1051 874 Norregos
1068 781 1207 850 adchri·

253 881 491 952 etianismum
506 877 792 968 perducturum.
824 880 934 950 Prius
948 903 1038 950 vero
1064 905 1171 972 quarn
1189 908 1208 952 e

180 1049 187 1060 ,
252 983 377 1068 Dania
400 983 579 1066 solveret,
595 979 750 1069 omnes,
775 1003 868 1071 quos
888 1003 957 1049 rex
973 982 1156 1052 Haraldus
1178 983 1209 1050 ei

229 1075 466 1172 tradiderat,
493 1079 662 1150 doctores
686 1095 725 1153 et
745 1081 900 1150 clericos
924 1082 1093 1172 remisit,
1126 1095 1161 1151 et
1176 1107 1208 1152 a·

252 1183 434 1254 cernimus
457 1179 518 1250 dei
541 1180 660 1250 hostis
679 1181 878 1275 (apostata)
896 1181 1017 1251 factus
1033 1197 1108 1271 est,
1128 1205 1207 1276 rege

251 1283 505 1372 Hakonohoc
529 1281 656 1371 pejor,
700 1283 802 1374 quod
822 1285 927 1353 nulla
949 1307 992 1352 re
1015 1285 1063 1354 ad
1078 1298 1209 1374 aposta·

251 1387 346 1458 siam
355 1381 649 1476 perducebatur,
673 1385 747 1454 nisi
762 1385 914 1474 propria
926 1384 1073 1454 malitia
1090 1399 1127 1456 et
1143 1384 1210 1452 dia·

250 1486 329 1558 boli
344 1485 459 1569 dolis5
483 1505 607 1573 neque
620 1485 763 1557 mirum
777 1484 869 1574 fuit,
891 1484 1062 1555 fructum
1077 1485 1210 1555 malum

252 1611 298 1658 ex
315 1587 416 1656 mala
432 1585 557 1654 radice
574 1586 845 1700 emicaturum,
870 1609 958 1654 nam
971 1585 1149 1678 Sigurdus
1161 1607 1209 1652 sa·

251 1703 395 1778 trapes,
430 1698 538 1775 pater
555 1685 656 1798 ejus,
681 1687 893 1758 maximum
912 1685 988 1754 fuit
1001 1685 1211 1776 decipulum

252 1803 292 1860 et
309 1789 485 1878 laqueus,
519 1785 679 1856 exitium
707 1802 746 1857 et
766 1786 954 1901 pernicies
977 1786 1077 1880 regis
1096 1787 1210 1858 Hako-

250 1890 313 1976 υἱ,
353 1887 514 1960 aliorum
535 1887 754 1979 principum
768 1887 880 1958 minis
901 1885 1095 1978 ipsiusque
1115 1887 1209 1956 infir·

250 1989 384 2061 mitate
400 1986 673 2057 accedentibus.
726 1995 800 2062 Vos
821 2009 912 2056 vero
934 1989 1004 2058 etsi
1023 1987 1209 2058 celebratis

250 2087 521 2160 liberalitatem
557 2089 708 2160 Hakoni
749 2103 925 2178 satrapae,
977 2087 1210 2178 eiusdemque

250 2191 431 2262 virtutem
439 2201 595 2280 propter
610 2189 819 2279 victoriam,
835 2210 950 2281 quam
966 2213 1012 2258 ex
1020 2189 1149 2280 piratis
1159 2193 1210 2257 Jo-

250 2290 442 2362 mensibus
464 2303 674 2379 reportasse
689 2291 789 2361 risus
805 2305 881 2360 est:
904 2289 945 2359 id
956 2304 1085 2359 tamen
1096 2289 1211 2358 verius

252 2406 328 2481 est,
363 2414 447 2460 earn
473 2389 673 2460 victoriam
690 2415 768 2462 nou
792 2391 932 2459 virtute
957 2405 1124 2483 partam,
1155 2389 1212 2458 sed

250 2515 365 2585 opera
383 2490 542 2579 diaboli,
567 2489 804 2582 nefandoque
824 2494 986 2582 scelere,
1012 2491 1213 2582 quofilium

250 2606 489 2682 septennem,
515 2613 593 2660 non
608 2591 732 2668 minus
753 2615 866 2683 quam
878 2613 919 2662 se
934 2593 1071 2682 ipsum,
1097 2591 1212 2660 diabo-

249 2695 287 2766 lo
303 2691 448 2762 dicavit.
501 2691 663 2763 Proinde
676 2716 754 2764 non
770 2707 836 2781 est,
865 2693 964 2783 quod
977 2693 1144 2784 speretis,
1157 2713 1212 2758 me

249 2792 382 2868 restris
397 2791 731 2883 adhortationibus
759 2793 949 2865 blanditiis
972 2795 1142 2882 minisve,
1158 2791 1212 2860 ad-

251 2893 339 2964 duci
354 2914 481 2984 posse,
522 2905 566 2960 ut
586 2907 722 2962 sanctae
747 2895 835 2964 fidei
861 2909 899 2962 et
924 2895 1044 2964 amori
1077 2890 1213 2964 domini

249 2995 369 3066 nostri
388 2997 475 3064 lesu
486 2991 629 3073 Christi
644 2996 886 3079 renunciem
912 3017 1106 3085 nunquam
1118 2994 1212 3064 enirn

249 3119 376 3166 meam
392 3093 615 3187 dignitatem
631 3094 686 3164 ita
712 3096 988 3182 dehonestabo,
1014 3109 1058 3163 ut
1073 3091 1212 3172 inimici

252 3193 421 3290 (diaboli)
443 3195 592 3264 libidini
609 3197 787 3286 serviam,
820 3195 1136 3286 quemadmodum
1155 3191 1211 3263 isti

251 3297 312 3368 dei
327 3297 453 3364 hostes
465 3297 686 3387 (apostatae),
703 3319 806 3388 .quos
820 3296 1120 3390 memoravimus.
1147 3290 1212 3364 Sed

251 3419 344 3488 opus
364 3409 532 3485 nonest,
559 3409 603 3466 ut
623 3398 855 3491 longioribus
876 3397 984 3466 dictis
1007 3393 1210 3464 ducamini:

250 3518 351 3572 nunc
360 3495 487 3565 statim
496 3497 795 3589 autreligionern
805 3497 1046 3590 christianam
1056 3497 1212 3584 amplec-

250 3595 425 3685 timinor,
447 3611 511 3668 aut
525 3619 681 3666 mecum
693 3598 822 3689 praelio
832 3599 1081 3680 decertatote3
1106 3595 1145 3668 id
1163 3607 1211 3660 ta·

251 3721 342 3768 men
358 3697 503 3787 sciatis,
533 3698 665 3786 velim,
700 3699 872 3781 Thrandi
889 3696 1108 3770 interiores!
1132 3694 1211 3768 heic

252 3799 515 3890 multoplures
534 3799 663 3868 adesse
677 3799 773 3868 mihi
795 3797 982 3888 addictos,
1007 3821 1119 3888 quern
1136 3819 1211 3888 spe·

250 3899 360 3989 retis,
409 3922 534 3990 neque
569 3899 721 3988 dubito,
745 3951 749 3957 -
777 3922 844 3968 nos
886 3901 1005 3988 majus
1034 3898 1211 3968 dicrimen

249 4001 396 4090 adiisse,
412 4023 526 4090 quarn
535 4025 622 4070 curn
632 4001 845 4082 rusticoaut
853 4001 1039 4092 oppidano
1047 3995 1211 4070 Thrend-

248 4101 415 4176 heimico
443 4101 635 4172 dimicare.
695 4104 776 4175 uox
796 4102 913 4172 finem
935 4099 1085 4170 dicendi
1105 4098 1209 4178 iecit5
