2490 4742
312 255 373 354 n
595 281 862 346 z
1111 277 1213 350 tcto

252 489 419 567 consiliis
439 488 682 583 prospiceret.
748 491 800 562 Ut
822 489 912 562 vero
935 487 1008 562 hoc
1031 491 1213 569 conventu

250 598 426 687 frequens
443 592 546 662 adest
560 591 760 660 hominum
772 593 997 683 multitudo,
1024 594 1078 667 ite
1095 602 1212 668 multo

250 694 484 788 frequentior
501 691 661 762 comitiis
674 693 931 763 Frostensibus
956 694 1057 767 coiit.
1117 703 1213 771 Tum

249 798 377 914 vobis,
414 795 472 862 uti
495 815 617 882 nunc,
655 814 769 862 novos
794 794 889 864 ritus
905 816 1116 892 novamque
1131 800 1213 868 reli-

249 900 402 994 gionem
412 892 603 1008 proposui,
621 905 667 960 ut
682 915 820 984 nempe
839 895 1212 988 d1aboloobsequ1um

248 995 541 1083 renunciaretis,
576 993 681 1062 omni
703 994 783 1081 ejus
806 995 1015 1065 ministerio
1036 1000 1211 1090 cultuque

248 1101 538 1171 simulacrorum
555 1093 743 1185 deposito,
766 1117 863 1166 vero
870 1109 997 1176 autem
1006 1096 1088 1189 deo,
1115 1122 1211 1181 crea·

247 1203 323 1276 tori
344 1197 670 1283 omniumrerum,
696 1195 810 1264 fidem
823 1195 1031 1287 haberetis,
1054 1223 1242 1294 eumque

246 1325 343 1396 puro
362 1297 472 1368 corde
495 1295 679 1365 coleretis.
716 1294 876 1368 Vixdum
894 1295 966 1367 1111
982 1320 1089 1370 orsus
1100 1321 1242 1390 eram,

247 1427 336 1475 cum
344 1423 426 1488 vos
441 1396 600 1467 excitato
616 1396 786 1467 tumultu
798 1411 835 1466 et
846 1398 1083 1512 clamoribus,
1099 1423 1242 1491 quen

127 1507 133 1520 '
247 1505 334 1576 dam
354 1515 484 1570 vestrae
507 1495 680 1568 factionis
711 1497 939 1588 subjecistis,
983 1499 1049 1589 qui
1076 1501 1242 1584 1111110111

245 1600 476 1676 mandatam
489 1621 550 1668 me
565 1609 766 1689 peroraret.
822 1598 937 1686 Cujus
954 1615 1158 1672 conventus
1178 1589 1242 1702 is}

246 1705 367 1778 exitus
381 1700 476 1790 fuit,
516 1709 560 1768 ut
580 1699 709 1766 locum
730 1698 890 1768 coeundi
914 1700 1060 1772 Moeriae
1087 1661 1242 1774 condi·

246 1823 427 1876 caremus.
485 1798 558 1869 Hic
580 1797 738 1866 eandem
759 1815 879 1885 rem,
894 1799 1045 1890 meique
1070 1800 1205 1874 domini
1241 1821 1242 1826 ’

243 1899 458 1991 mandata,
446 1921 488 1970 1n
502 1898 672 1968 omnium
685 1910 857 1968 nostrum
873 1899 1033 1974 salutem
1047 1915 1087 1974 et
1101 1902 1204 1972 mise

243 2003 457 2090 ricordiam,
483 1997 626 2091 peregi,
653 2019 684 2068 11
673 1997 791 2070 forte
810 1997 909 2072 dicto
929 2000 1121 2074 audientes
1131 2023 1203 2072 esse

243 2103 390 2176 velletis
405 2127 416 2187 3
441 2123 506 2170 vos
519 2112 647 2170 autem
665 2111 704 2166 et
719 2111 841 2168 vester
858 2112 983 2170 orator
995 2103 1074 2188 jam
1088 2105 1203 2174 multo

198 2210 201 2214 ’
242 2203 459 2278 audaciores
486 2214 524 2270 et
549 2200 591 2272 in
615 2198 904 2270 contradicendo
925 2203 1201 2292 petulantiores,

243 2329 357 2400 quarn
379 2317 511 2394 antea,
540 2299 650 2390 facti,
674 2323 754 2388 me,
778 2313 822 2368 ut
837 2301 884 2374 ad
900 2300 1057 2374 deorut‘n
1066 2306 1204 2375 cultum

239 2407 423 2494 redirem,
468 2401 627 2488 hortati,
675 2413 719 2468 ut
746 2400 871 2490 prius,
907 2401 1013 2493 estis,
1037 2406 1202 2494 exemplo

238 2505 392 2578 Hakoni
414 2501 641 2574 Adalsteinis
666 2501 811 2575 alumni
839 2501 909 2592 usi,
926 2525 1004 2579 non
1019 2524 1201 2593 possemc,

239 2607 333 2696 quin
346 2606 426 2690 ejus
439 2603 664 2694 ¹exemplum
683 2623 870 2691 sequerer.
930 2607 1020 2680 Erat
1037 2627 1125 2674 sane
1142 2626 1202 2674 rex

180 2711 181 2718 ’
238 2706 418 2780 Hakonus
427 2703 484 2774 vir
500 2701 646 2772 eximiae
660 2700 1090 2792 pulcritudinis,'statura
1101 2726 1200 2799 gran-

240 2806 315 2896 111,
342 2808 476 2878 robore
491 2806 638 2890 valette,
659 2803 859 2892 plerosque
876 2805 1048 2879 omnibus
1066 2807 1199 2880 artibus

199 2967 201 2969 ,
238 2909 481 2995 antecellern,
492 2904 633 2996 quique
643 2915 722 2970 toto
733 2903 1038 2994 corporishabitu
1047 2919 1198 2996 patrem,

237 3029 369 3101 regem
384 3008 611 3093 Haraldum,
637 3002 801 3074 maxime
821 3004 1000 3090 referret,
1025 3021 1198 3098 praeterea

236 3107 320 3196 jure
332 3108 480 3199 paterni
497 3104 644 3201 generis
667 3117 705 3174 et
726 3102 862 3178 harum
884 3105 1057 3180 omniurn
1077 3129 1198 3178 rerum

236 3209 349 3284 titulo
367 3209 524 3302 dignus,
551 3206 617 3297 qui
630 3226 697 3274 rex
717 3204 913 3298 Norvegiae
936 3219 1045 3280 esset.
1100 3205 1196 3282 Nihil

236 3330 325 3378 vero
347 3311 486 3380 horum
502 3306 606 3381 laudi
629 3305 709 3390 ejus
726 3305 919 3395 tribuitis,
938 3320 977 3374 et
997 3306 1037 3378 id
1051 3307 1197 3399 quidem

123 3397 126 3406 ’
235 3423 356 3498 11111,
383 3433 472 3482 nam
488 3407 529 3476 iu
545 3407 625 3492 ejus
642 3404 794 3474 arbitrio
803 3428 880 3478 non
889 3405 1011 3496 posita
1025 3422 1123 3498 sunt,
1138 3405 1195 3476 sed

235 3531 257 3582 a
283 3509 352 3582 deo
379 3507 637 3598 omnipotente
653 3506 794 3578 tributa
817 3520 855 3576 11
873 3508 1097 3599 constituta,
1136 3505 1194 3598 qui

235 3609 350 3680 etiarn
384 3609 420 3676 ei
450 3607 625 3678 notitiam
658 3606 777 3674 sancti
804 3608 863 3675 sui
888 3606 1052 3676 nominis
1088 3608 1191 3695 dedit,

234 3733 397 3800 eumque
411 3707 578 3802 insuper
602 3707 793 3780 excelsum
816 3707 1028 3798 principem
1049 3709 1191 3804 regnis

232 3823 340 3900 patre
356 3809 480 3882 1111111
498 3807 709 3896 constituit,
736 3821 773 3881 et
787 3829 856 3899 pro
873 3808 997 3882 lubitu
1017 3810 1112 3883 bene
1123 3831 1190 3880 ma·

234 3911 317 3980 leve
331 3911 465 4002 agendi
477 3911 641 3980 liberum
654 3907 871 3998 arbitrium,
895 3923 938 3980 ut
947 3912 1091 3984 caeteris
1102 3931 1190 3978 mor·

233 4011 391 4098 talibus,
428 4010 464 4078 ei
485 4007 677 4079 concessit.
732 4013 814 4104 Qua
838 4033 879 4078 re
900 4034 1008 4100 eum,
1037 4011 1102 4104 qui
1118 4011 1189 4078 hec

231 4111 434 4200 concessit,
478 4109 757 4180 remunerabit?
799 4116 896 4184 'Vos
927 4111 1052 4182 coloni
1076 4133 1188 4182 exem·
