2508 4766
300 242 399 372 242Ι
597 265 868 367 ***
1110 287 1211 358 orac.

248 506 438 604 profectus
458 504 641 594 nobisque
660 477 815 596 operam
830 517 936 572 tuam
953 471 1145 594 pollicitus
1157 505 1209 592 sis,

248 631 351 680 nunc
365 607 512 676 nullam
528 627 683 694 operam
699 605 805 673 nobis
822 617 976 696 praestes
986 653 998 692 ‚
1008 613 1011 620 '
1023 621 1111 686 cum
1125 626 1209 694 opus

247 708 475 789 habeamus;
510 704 669 774 difficilis
689 703 798 774 nobis
822 704 898 774 fuit
924 705 1096 792 Kjartan,
1133 727 1213 774 cum

248 808 369 880 levius
396 805 438 874 in
458 829 547 875 eum
565 803 867 896 deliqueramus5
905 805 970 894 qui
988 803 1020 872 si
1035 826 1136 874 nunc
1150 805 1212 872 sal-

248 932 316 991 vus
332 904 510 992 evaserit,
534 925 653 996 prope
667 903 805 990 aderit,
832 903 982 996 quando
1005 927 1085 976 non
1099 904 1213 974 minus

160 1055 164 1064 -
247 1023 311 1096 tu,
350 1002 463 1074 Bolli!
499 1025 612 1094 quam
636 1027 725 1092 nos,
758 1003 805 1074 ad
818 1003 952 1074 ultima
968 1025 1125 1094 quaeque
1143 1005 1211 1072 des-

248 1105 408 1176 cendere
426 1104 580 1196 cogeris.
634 1105 736 1174 Tum
750 1103 913 1191 Bollius,
940 1104 1071 1174 stricto
1099 1103 1210 1196 gladio

248 1229 317 1276 suo
333 1205 479 1275 Forbito
498 1203 658 1294 (pedum
676 1203 858 1293 sectore),
886 1203 932 1271 ad
950 1205 1164 1289 Kjartanem
1178 1227 1210 1270 se

250 1303 452 1388 convertit,
478 1301 703 1379 heic⁴Bolli0
726 1303 894 1387 Kjart'an:
924 1301 1125 1372 certe'tibi
1146 1305 1210 1388 jam

132 1419 133 1422 ’
247 1405 432 1486 nefarium
447 1402 591 1472 facinus
606 1401 719 1474 edere
730 1402 769 1470 in
783 1403 908 1472 animo
926 1417 997 1491 est,
1024 1405 1146 1472 multo
1157 1428 1209 1470 au-

247 1520 328 1574 tem
341 1503 457 1582 satius
473 1503 586 1589 duco,
612 1523 745 1572 necem
761 1503 824 1570 abs
843 1516 881 1569 te
896 1505 1063 1594 perpeti,
1087 1523 1210 1596 cogna-

249 1605 310 1673 te!
345 1627 459 1695 quam
482 1613 646 1670 mortem
669 1603 740 1670 tibi
765 1601 923 1687 inferre,
958 1603 1208 1692 ideoque-non

247 1729 311 1777 me
332 1701 447 1772 armis
471 1701 644 1776 adversus
661 1716 699 1770 te
717 1703 878 1770 tutabor.
936 1704 1007 1774 His
1030 1703 1139 1774 dictis
1158 1702 1212 1790 de,

246 1804 357 1896 ponit
371 1825 484 1872 arma·
498 1811 549 1891 ¹),
577 1801 710 1870 leviter
725 1801 846 1872 adhuc
866 1803 1032 1894 saucius,
1069 1823 1208 1896 magno·

246 1927 338 1996 pere
356 1925 445 1972 vero
468 1899 671 1992 pugnando
694 1899 821 1970 fessus.
874 1903 1015 1972 Bollius
1030 1905 1139 1974 nullo
1161 1927 1207 1972 re-

246 2025 382 2094 sponso
401 1999 567 2088 reddito,
598 2001 766 2086 Kjartani
785 1998 896 2072 letale
919 2005 1054 2076 vulnus
1070 2004 1207 2074 inflixit.

244 2101 413 2172 Bellium
435 2101 625 2192 externplo
651 2100 767 2170 subiit
789 2105 886 2174 tanti
900 2101 1076 2172 facinoris
1103 2104 1209 2194 poeni·

246 2201 387 2288 tentia,
430 2221 547 2292 quare
582 2199 753 2296 consedit
788 2201 969 2282 humeros
1004 2203 1208 2272 moribundi
1242 2285 1243 2288 Ἴ

247 2301 455 2388 sustinens,
489 2301 622 2390 sicque
642 2300 797 2384 Kjartan
814 2302 855 2372 in
879 2301 1024 2396 gremio
1054 2305 1134 2390 ejus
1159 2326 1208 2371 ex·
1242 2303 1243 2367 i

247 2401 403 2494 spiravit
421 2400 595 2470 animam.
662 2399 800 2470 Omnes
817 2399 952 2472 deinde
967 2425 1049 2492 res,
1075 2405 1207 2496 Lauga-

246 2523 404 2574 mannos
431 2514 469 2568 et
493 2498 808 2593 Hjardhyltingos
823 2501 1118 2590 intercedentes,
1141 2517 1208 2572 tam

245 2617 334 2674 ante
357 2623 471 2690 quam
492 2613 595 2688 post,
629 2612 869 2692 gestaelsuut,
903 2603 1208 2692 quemadmodum

245 2704 288 2775 in
316 2696 606 2790 Laxdalensipm
635 2699 789 2776 historia
813 2703 1005 2772 memoriae
1026 2703 1208 2793 proditum

247 2815 323 2888 est,
351 2797 420 2867 etsi
440 2797 503 2866 hic
517 2815 638 2888 pauca,
654 2800 699 2884 de
715 2799 773 2867 his
790 2802 900 2886 rebus
916 2801 1053 2872 litteris
1068 2803 1207 2886 manda·
1240 2831 1241 2891 r

245 2915 286 2971 ta
302 2900 387 2972 sint.
421 2895 622 2970 Defuncti
635 2899 821 2984 Kjartanis
840 2921 974 2992 corpus
993 2924 1063 2993 per
1075 2917 1207 2993 septem

246 3001 324 3072 dies
338 2997 572 3088 servabatur3
598 3011 683 3065 tum
703 2997 933 3075 Thorsreinn
952 3003 1084 3095 Eigilis
1107 3003 1206 3088 filius,

239 3099 454 3172 avunculus
477 3097 683 3188 Kjartanis‚
715 3099 839 3178 ,aedem
857 3123 999 3172 sacram
1016 3103 1121 3172 domi
1142 3125 1206 3171 sua

244 3203 375 3294 Borgae
390 3196 655 3270 exstruendam
669 3210 877 3290 curaverat,
905 3225 978 3293 quo
991 3201 1208 3287 *funusKjar-
1238 3217 1239 3232 ¹

224 3331 227 3334 ·
244 3299 338 3371 tanis
350 3299 591 3390 deportatum
602 3296 729 3388 ibique
745 3293 937 3390 sepultum
948 3315 1014 3390 est,
1035 3301 1203 3388 aedetum,

244 3416 289 3470 ut
307 3395 456 3486 ferunt,
488 3415 610 3487 nuper
631 3413 844 3470 consecrata
867 3414 980 3492 atque
1000 3401 1043 3469 in
1057 3403 1149 3490 albis
1166 3409 1202 3483 ²).

246 3500 304 3570 Ob
320 3497 460 3583 caedem
470 3493 655 3582 K'jertanis
674 3519 803 3566 omnes
821 3497 1001 3572 osrifuris
1019 3501 1089 3570 filii
1104 3500 1203 3570 exilio

236 3597 431 3684 damnati,
451 3609 488 3667 et
506 3596 667 3686 pecunia
684 3599 834 3688 publica
853 3621 1014 3694 peregre
1033 3600 1205 3691 deportati

243 3713 351 3786 sunt,
380 3711 542 3788 quorum
555 3697 683 3763 nullus
702 3697 836 3766 exinde
851 3700 892 3768 in
907 3699 1069 3790 'patriam
1085 3699 1202 3780 rediit3
1236 3689 1237 3706 ¹

244 3799 296 3866 sic
314 3795 456 3886 evenit,
485 3795 585 3888 quod
599 3795 747 3866 Stefner
758 3797 969 3892 Thorgilsis
984 3797 1104 3890 filius,
1129 3817 1203 3892 cog-

171 3999 178 4006 '
247 4017 275 4086 ¹)
290 3982 369 4085 qun}
387 4031 465 4083 mauu
477 4005 592 4082 ‘genam
612 3997 741 4080 gladiurd,
762 3985 816 4064 n'3
835 4015 869 4088 ⁸)
883 3991 950 4068 aas
962 4017 1030 4068 mss.
1050 4015 1147 4069 recres.
1165 4014 1200 4065 n.

279 4109 357 4156 Ίόιη.
373 4109 403 4170 1,
421 4123 480 4174 pag.
495 4106 538 4156 82.
