2502 4774
302 251 389 342 118
585 261 857 336 -..·.·:·..····.........···'
887 349 905 371 ,q
1098 279 1202 350 1930.

239 479 342 552 dunt.
403 477 631 575 Sigmundus
659 498 770 572 grave
795 475 941 549 itineris
962 476 1198 571 impedimen·

236 596 322 652 tum
333 576 445 666 objici
458 581 639 672 queritur.
700 579 901 652 Thrandus
922 581 973 650 sic
989 605 1072 650 rem
1088 582 1196 654 exitu-

235 705 319 752 ram
335 682 539 774 significat,
567 681 865 771 quotiescunque
882 680 936 748 ita
952 681 1024 750 iter
1045 681 1197 772 aggressi

234 783 395 871 fuerint,
414 791 417 802 “
437 795 481 852 ut
505 806 544 852 se
572 781 733 852 invitum
758 781 942 850 deducere
969 793 1194 878 conarentur.

235 887 392 974 Jamque
410 881 637 975 Sigmundus
653 881 878 954 Thrandum
895 883 1059 952 liberum
1085 879 1195 948 dimit-

235 983 300 1068 tit,
338 1005 380 1052 ea
412 983 515 1076 lege,
545 996 589 1052 ut
609 980 854 1069 jurejurando
874 983 1097 1073 interposito
1119 1002 1194 1072 pro-

230 1083 378 1170 mittat,
417 1105 456 1152 se
476 1097 620 1152 rectam
637 1081 750 1151 fidem
764 1097 1010 1174 accepturum
1026 1097 1065 1152 et
1081 1081 1193 1148 obser·

233 1196 430 1273 naturum,
453 1184 567 1254 fidem
583 1197 620 1252 et
634 1184 856 1274 obsequium
872 1185 1076 1276 regiOlavo
1089 1181 1192 1274 &sig-

232 1285 373 1353 mundo
402 1287 682 1376 praestiturum,
721 1283 914 1372 neminem
942 1283 1193 1352 insulanorum

199 1425 203 1442 ›
231 1383 514 1474 prohibiturum
552 1398 619 1454 aut
655 1380 949 1474 impediturum,
1002 1381 1191 1473 quominus

232 1485 392 1576 quisque
411 1482 458 1554 iis
473 1485 589 1554 fidem
606 1497 644 1552 et
660 1483 883 1574 obsequium
898 1497 1096 1576 praestent,
1128 1482 1190 1550 hoc

230 1585 331 1677 regis
356 1586 463 1655 Olavi
485 1585 719 1673 mandatum,
754 1597 800 1652 ut
817 1599 854 1653 et
869 1583 1120 1676 quodcrmque
1134 1583 1190 1650 ali-

230 1685 301 1772 ud,
329 1686 429 1775 quod
445 1686 723 1778 Faereyensibus
738 1685 979 1772 injuncturus
992 1697 1099 1772 esset,
1115 1705 1189 1774 pro-

228 1799 426 1854 moturum
441 1800 480 1854 et
492 1799 770 1855 exsecuturum.
830 1785 1032 1857 Thrandus
1049 1799 1125 1852 tam
1137 1808 1190 1851 ex-

227 1899 311 1954 acte
329 1886 446 1974 jurat,
473 1909 585 1999 quam
602 1885 887 1978 diligentissime
902 1885 1148 1986 Sigmundus
1139 1907 1188 1972 Ju-

227 2001 447 2056 ramentum
470 1987 605 2076 praeire
618 1999 765 2100 potest.
825 1985 895 2057 His
918 1987 1032 2080 gestis
1055 1985 1188 2058 Thrau-

204 2083 207 2094 ’
227 2084 298 2154 dus
316 2087 452 2156 Getam
462 2102 656 2176 concessit,
683 2086 910 2199 Sigmuntdus
924 2110 1012 2156 vero
1029 2085 1121 2156 Skuf
1122 2109 1188 2177 eye

226 2183 268 2253 in
284 2185 372 2254 villa
393 2210 462 2255 sua
483 2187 580 2256 hanc
601 2187 770 2256 hiemem
788 2186 884 2279 egit,
923 2211 1016 2258 nam
1035 2188 1187 2254 mutum
1237 2221 1238 2238 ÷

227 2287 404 2358 autumni
419 2301 668 2377 processerat,
704 2311 791 2356 cum
807 2287 942 2358 ultima
961 2288 1041 2356 vice
1057 2285 1188 2376 repulsi

227 2401 327 2456 sunt.
389 2388 617 2480 Sigmundus
639 2411 792 2502 navem,
821 2411 903 2478 quae
924 2388 1051 2458 minus
1070 2387 1186 2458 collisa

223 2484 367 2575 fuerat,
391 2488 632 2558 reficiendam
650 2489 802 2556 curavit.
854 2489 1060 2578 insequens
1080 2489 1187 2556 hiems
1236 2495 1237 2538 l

222 2587 253 2654 F
256 2587 386 2679 aereyis
408 2588 554 2678 quieta,
588 2589 777 2678 nullisque
794 2588 907 2682 gestis
929 2587 1184 2658 memorabilis.

329 2687 417 2777 Cap.
430 2696 500 2759 192.
554 2692 663 2760 Nunc
675 2688 798 2779 primo
810 2689 1012 2760 dicendum
1020 2704 1086 2778 est,
1105 2686 1185 2779 quid

147 2791 153 2812 ¹
223 2785 369 2856 interea
384 2787 622 2880 inNorvegia
638 2790 836 2879 acciderit,
862 2789 952 2858 dum
966 2789 1236 2882 Sigmundus

222 2885 405 2956 Bresteris
419 2887 547 2955 filius
536 2911 577 2960 m
587 2891 613 2958 F
616 2913 746 2982 aereyis
764 2905 1016 2960 commoratus
1034 2904 1106 2993 est,
1123 2887 1183 2956 ibi-

224 3009 298 3073 que
320 2988 561 3058 christianam
583 2990 809 3082 religionem
829 2979 1061 3084 propagavit.
1111 2991 1183 3062 Rex

219 3086 382 3176 Olenus,
426 3103 512 3179 post
536 3089 739 3158 discessum
760 3088 978 3182 sigmundi,
1021 3107 1066 3162 ut
1088 3091 1182 3180 prius

218 3185 453 3278 dictumest,
490 3203 660 3258 austrum
676 3213 803 3258 versus
822 3214 901 3258 oras
918 3191 1121 3260 maritimas
1137 3191 1181 3256 le-

220 3285 295 3377 git,
331 3303 369 3356 et
392 3292 770 3380 autumno-sequenti
791 3291 958 3360 convivia
975 3289 1086 3380 obiit,
1112 3291 1181 3360 len·

219 3385 317 3456 tiore
332 3388 469 3458 itinere
483 3411 713 3482 progressus.
754 3392 909 3462 Stadum
923 3415 1010 3460 vero
1020 3407 1182 3462 austrum
1233 3397 1234 3408 ¹

218 3506 348 3554 versus
369 3502 652 3580 praetervectus,
692 3493 845 3560 colonos
867 3492 913 3560 ad
934 3517 972 3560 se
992 3491 1179 3575 arcessivit,

216 3585 331 3658 fidem
349 3589 712 3681 eorumemendavit,
738 3615 952 3682 moresque,
968 3592 1179 3684 sicubiopus

217 3708 298 3755 esse
323 3687 447 3756 visum
471 3703 547 3778 est,
582 3693 753 3760 correxit.
806 3696 887 3764 Rex
912 3695 1049 3762 Olavus
1068 3694 1179 3784 prima
1232 3723 1233 3742 κ

214 3783 340 3856 hieme
354 3791 541 3862 orientem
556 3815 683 3864 versus
701 3794 742 3864 in
756 3793 906 3866 Vikiem
921 3797 1106 3886 pervenit

215 3945 218 3951 ¹
299 3959 398 4028 Rex
423 3959 568 4030 Olavus
588 3963 751 4057 nuptias
767 3963 934 4058 Sigridae
956 3963 1088 4034 ambit.

300 4089 403 4182 Cap.
419 4099 489 4165 193.
543 4095 698 4188 Sigrida,
724 4099 885 4184 Svetlriee
901 4099 1043 4192 regina,
1067 4100 1175 4190 impe·

1213 4573 1218 4590 ι
