2508 4766
407 239 675 316 π
839 213 965 308 ,261

52 448 149 542 ¹sicco
166 445 248 537 cibo
263 442 445 516 abstinuit
464 443 524 536 ¹),
554 443 659 542 quod
672 441 1021 538 famapercelebra-

52 561 135 614 tum
150 560 223 630 est,
258 545 340 614 aliis
355 559 538 637 praeterea
559 544 688 612 multis
708 543 816 612 bonis
838 547 1023 616 institutis

52 663 92 718 et
107 647 239 742 ritibus
252 645 436 738 religiosis
446 641 624 732 usus‘est,
650 667 727 735 prae
748 645 939 738 plerisque
955 649 1037 717 hev
1099 641 1102 654 ’

49 746 212 822 minibus
232 747 290 814 sui
307 746 348 814 in
360 743 521 818 islandia
537 744 730 836 temporis.
785 747 881 816 Vere
894 749 1020 838 proxi-

48 872 110 916 me
128 847 301 936 sequenti
309 845 462 932 Kjartan
475 867 633 912 uxorem
648 844 753 912 duxit
762 845 945 916 Hrefnam
957 851 1021 918 As·
1085 853 1086 858 ’

49 949 162 1041 geiris
178 945 307 1036 filiam,
323 945 432 1036 eique
447 941 602 1012 mitram
613 943 714 1012 dedit
727 945 766 1014 in
781 939 1021 1022 donumleeti

48 1047 216 1142 genialis.
246 1112 248 1121 Α
270 1045 617 1136 διώὲθῳιθὴῑὶνθῑο
631 1059 837 1134 autumn0,
864 1045 1020 1116 dimidio

49 1162 135 1218 ante
147 1146 314 1228 hiemem
330 1167 478 1231 mense,
511 1144 550 1212 in
572 1147 745 1214 convivio·
762 1145 1021 1232 Hjardarho'lti

48 1247 176 1318 habito
187 1245 395 1318 Thorolfus
410 1243 588 1314 Osvifuris
602 1243 703 1314 filius
721 1245 920 1340 gladium'a
929 1268 1021 1340 rege

49 1347 226 1419 donatum
235 1343 401 1432 Kjartani
412 1343 606 1436 surripuit,
617 1368 781 1436 eumque
790 1345 830 1414 in
842 1334 1022 1436 paludem

48 1447 222 1534 immisit,
238 1446 482 1536 cum'equites
496 1443 567 1512 viri
579 1468 666 1512 eum
680 1457 1020 1536 persequerentur,

48 1561 130 1616 tum
148 1547 293 1642 gladius
315 1555 487 1636 repertus
510 1558 583 1632 est,
617 1542 751 1636 vagina
772 1567 860 1628 vero
886 1543 1020 1614 exinde

48 1671 253 1740 nunquam.
280 1643 680 1734 Postautempauloin
692 1643 861 1712 convivio
871 1658 1022 1712 autum-

48 1746 125 1818 nali
140 1746 280 1840 Laugis
292 1745 419 1814 habito
436 1746 535 1812 elam
551 1743 663 1812 mitra
677 1741 830 1814 Hresnae
847 1757 1021 1836 surrepta

50 1862 128 1936 est,
154 1847 208 1914 ita
226 1861 269 1914 ut
282 1868 479 1936 nunquam
492 1845 643 1916 inventa
663 1842 740 1928 sit,
757 1843 848 1912 hinc'
865 1857 953 1912 ortae
964 1839 1020 1913 in·

48 1963 105 2016 ter
129 1948 347 2034 Kjartanem
367 1957 405 2013 et
427 1943 719 2036 Laugamannos
744 1941 963 2014 inirnicitiae'
981 1939 1020 2012 et

48 2072 134 2118 mox
143 2049 280 2116 hostile
293 2043 441 2132 odium,
469 2042 597 2141 sicque
608 2068 650 2112 ea
667 2041 794 2111 hiems¹
806 2043 929 2133 elapsa
943 2057 1020 2129 est3

47 2147 221 2242 sequenti
237 2161 364 2216 autem
379 2167 484 2232 vere,
513 2143 645 2234 quinta
658 2141 752 2210 feria
765 2141 852 2211 festi
868 2143 1020 2234 pascha·

48 2249 109 2337 lis,
126 2247 308 2340 Osr‘ifuris
322 2243 393 2314 filii
411 2258 449 2312 et
457 2241 617 2332 Bellins,
633 2243 698 2334 qui
714 2243 866 2310 omnino
883 2265 1021 2311 novem

48 2350 117 2421 viri
143 2363 271 2440 erant,
298 2343 474 2414 hortante
499 2341 698 2430 Gudrnna,
731 2341 919 2429 Kjartani,
954 2343 1021 2434 qui

48 2449 179 2542 tertius
193 2450 272 2540 ipse
286 2447 330 2514 ab
348 2443 539 2514 occidente
556 2466 601 2512 ex
620 2439 795 2512 Saurbaeo
811 2437 942 2530 rediit,
962 2443 1020 2510 in-

47 2551 158 2620 sidias
174 2550 279 2637 juxta
294 2543 556 2638 Hafursgilum
569 2543 610 2612 in
622 2541 814 2612 Srinadalo
826 2539 1020 2626 fecerunt5

48 2652 132 2720 heic
151 2649 421 2734 conflixerunt,
457 2667 520 2712 sex
534 2642 623 2712 viris
642 2641 858 2730 Kjartan'em
875 2663 1021 2738 oppug-

48 2751 244 2842 nantibus,
277 2760 477 2838 postquam
497 2744 592 2812 alter
607 2743 792 2812 comitum
816 2741 895 2829 ejus
912 2765 1021 2811 occu·

47 2853 206 2940 buerat,
228 2841 358 2921 altera
380 2843 523 2914 duobus
546 2843 634 2912 viris
651 2841 942 2934 comprehensus
962 2866 1019 2910 re-

47 2967 251 3043 tentusque
275 2959 339 3018 est.
397 2944 569 3032 Kjartan,
597 2941 666 3010 etsi
686 2941 809 3036 gladio
827 2939 957 3010 in'utili
978 2965 1020 3008 n·

47 3065 214 3140 teretur,
254 3071 368 3142 quem
382 3041 591 3114 identidem
602 3040 691 3132 pedi
706 3039 923 3126 subjectum
935 3037 1021 3108 'eor-

48 3155 172 3246 rigere
185 3169 383 3231 necessum
397 3143 550 3238 habuit,
573 3137 701 3210 tamen
714 3162 836 3209 unum
852 3139 1018 3212 adversa-

46 3254 194 3322 riorum
209 3246 416 3339 interfecit,
445 3259 585 3314 ceteros
605 3250 639 3324 ²)
654 3254 783 3309 autem
797 3239 1018 3310 vulneravit.

47 3335 191 3424 Bo'tlius
211 3343 361 3443 p'ugnae¹
378 3343 538 3434 adstitit,
570 3339 676 3412 nulla
697 3345 739 3410 re
762 3352 887 3432 gesta,
933 3363 1022 3409 cnm

46 3475 137 3524 uero
154 3447 334 3540 Osuifuris
350 3443 420 3514 filii
438 3435 714 3536 intelligerent,
742 3463 781 3508 se
802 3437 1021 3528 Kjartanem

46 3575 127 3642 non
141 3550 334 3640 ,debellare
353 3567 484 3638 posse,
526 3543 695 3634 Ospakus
717 3539 881 3610 Bellium
905 3541 1021 3612 'omni

47 3651 164 3740 quo
180 3653 373 3742 hortatus:
400 3641 503 3712 haud
518 3656 578 3731 tu,
592 3639 738 3730 erede,
765 3639 878 3708 Bolli!
903 3639 942 3707 id
964 3637 1020 3708 in'-

46 3752 174 3838 famiae
190 3751 232 3818 in
244 3765 282 3817 te
300 3743 497 3832 admittere
511 3741 696 3832 volueris,
724 3754 784 3828 ut,
810 3761 898 3808 cum
909 3739 1020 3808 domo

45 3897 317 3920 μ’

49 3975 77 4042 ¹)
84 3969 148 4025 vide
161 3969 230 4022 Hier.
244 3965 346 4022 Eccles.
364 3961 410 4018 1⁸1.
424 3961 503 4017 Toni.
522 3962 537 4015 1
559 3975 621 4032 pag.
642 3953 777 4012 166.169.
799 4046 800 4050 Ἰ
839 3955 867 4026 ¹)
881 3954 963 4053 dnos,
992 3950 1022 4009 C.

799 4029 832 4126 Q
941 4168 944 4174 .
