2508 4766
52 211 155 290 2030.
809 187 943 292 459

52 449 132 516 pere
150 425 339 510 incensus,
367 421 524 511 Grimos
548 433 908 514 supramemorato,
933 417 1001 502 im-

51 527 205 616 putavit,
239 521 338 614 quod
356 545 396 589 se
412 525 571 593 maxime
586 525 741 614 pedibus
755 521 1001 602 conculcavis-

53 641 114 694 set
138 691 142 718 ἶ
168 626 233 696 Vir
250 623 420 713 quidum,
454 624 606 700 nomine
631 623 828 714 Sigonius,
866 623 1001 690 robore

51 727 256 812 artiumque
272 723 406 812 peritia
418 736 613 814 praestans,
645 729 677 794 T
679 721 874 796 horkelem
889 721 928 788 in
945 744 1004 790 co·

52 825 149 892 mitia
173 836 322 891 secutus
342 822 493 908 fuernt3·
519 823 619 901 hunc
642 823 824 896 Thorkell
850 821 1003 912 rogavit,

52 939 92 1012 ut
105 923 335 1002 contumeliae
348 923 417 990 sibi
431 925 543 1002 illotae
559 924 742 993 ultionem
759 946 778 990 a
796 922 926 993 Grinro
943 943 1003 988 ex-

51 1037 199 1112 peteret.
252 1023 340 1090 Sero
358 1013 658 1113 itaquevespere,
685 1045 771 1090 cum
782 1023 1004 1092 Grimuscu-

51 1125 166 1192 bitum
190 1119 247 1189 ire
271 1137 420 1212 pararet
442 1137 635 1213 vestesque
657 1122 839 1210 exuisse-t,
878 1121 1004 1212 Sigur-

55 1223 117 1290 dus
133 1225 172 1290 in
184 1222 467 1294 tabernaculum
481 1223 694 1312 irrumpens
713 1244 799 1304 eum
811 1222 1005 1298 incautum
1091 1266 1093 1270 ,

54 1322 260 1414 aggreditur
285 1321 469 1413 armisque
496 1337 696 1416 oppugnat.
759 1315 911 1391 Grimus
937 1321 1004 1388 ho-

55 1437 144 1495 stem
164 1423 252 1504 forti
277 1422 401 1502 animo
428 1430 592 1512 excepit,
633 1446 718 1490 curn
742 1444 832 1504 ¹vero
854 1421 1005 1488 inermis

56 1534 163 1609 esset,
186 1545 321 1612 purum
334 1545 372 1590 se
385 1524 501 1592 tutari
515 1523 660 1611 potuit⁷
684 1522 810 1611 ibique
819 1518 1003 1600 occubuit.

53 1624 155 1691 Hane
178 1623 315 1692 caedern
338 1623 486 1714 cognati
504 1623 623 1694 Grimi
637 1623 720 1707 jure
735 1621 1007 1711 persequeban-

54 1737 130 1808 tur,-
163 1722 369 1810 iisdemque
392 1723 551 1790 comitiis
573 1720 774 1813 Sigurdum
791 1743 898 1788 reum
920 1741 1005 1808 pro-

54 1821 257 1909 scriptionis
285 1824 532 1914 peragebant3
578 1821 643 1890 sed
676 1821 854 1900 Tkorkell
876 1819 1011 1896 Tresill,

56 1943 140 1988 eum
150 1921 223 2002 hac¹
237 1934 362 1991 aestate
386 1943 542 2016 peregre
559 1921 753 2012 ablegavit.
812 1921 856 1988 In
869 1924 1007 1992 Norve-

54 2021 150 2111 giam
164 2020 336 2090 autumni
349 2034 518 2112 ternpore
533 2022 696 2109 delatus,
721 2019 857 2088 falsum
868 2042 1009 2102 nomen

56 2119 123 2188 sibi
147 2119 289 2187 indidit.
352 2123 431 2192 Rex
450 2123 602 2207 Oleum,
629 2143 716 2190 curn
733 2143 777 2186 ex
793 2118 1006 2188 mercatori-

54 2219 129 2297 bus·
142 2219 185 2286 ab
200 2217 322 2286 insula
343 2219 531 2311 (Isiandia)
551 2219 830 2289 advenientibus
850 2219 1008 2307 accepis-

56 2331 128 2405 set⁷
161 2340 297 2388 caesum
321 2343 397 2388 esse
421 2319 614 2409 Grimum,
651 2321 715 2409 qui
727 2317 842 2410 ipsius
858 2330 1008 2408 proreta

54 2418 193 2506 fuerat,
239 2432 276 2502 et
301 2419 380 2500 hoc
401 2419 572 2510 insuper,
617 2419 895 2488 interfectorem
918 2418 1010 2485 illuc

57 2517 189 2606 adesse,
215 2519 596 2608 iraflvaideaccensus,
620 2521 744 2602 stetim
761 2542 876 2594 manu
888 2515 1009 2590 homi-

57 2642 145 2688 num
159 2617 314 2709 stipatus
328 2641 461 2702 navem
472 2619 857 2706 mercatoriamndiit,
890 2617 1011 2691 homi·
1094 2680 1097 2687 .

57 2741 141 2800 nem
164 2719 401 2808 quaesiturum
434 2709 899 2811 auctoremquefncinoris
923 2740 1012 2788 mox
1041 2713 1043 2716 ’

56 2817 257 2909 indagavit,
282 2841 495 2909 quanquam
504 2818 748 2888 delitescebat.
777 2819 1011 2911 TumSigur-

60 2916 121 2984 dus
144 2918 434 3008 comprehensus
452 2919 769 3010 compedibusque
783 2921 927 2988 vinctus
947 2932 1011 2988 est.

58 3017 201 3100 Deinde
224 3040 290 3096 rex
313 3019 744 3102 celebremconventum
756 3019 908 3104 indixit,
937 3040 1012 3106 quo

59 3117 279 3210 productum
302 3116 503 3209 Sigurdum
527 3125 593 3192 rex
614 3119 774 3197 restibus
795 3119 881 3186 exui
895 3117 1012 3204 jussit,

61 3229 95 3294 et
111 3216 292 3304 decrevit,
318 3231 361 3284 ut
375 3219 525 3286 canibus
541 3218 587 3288 ad
603 3241 734 3286 necem
742 3217 1013 3287 dilaceraretur.

61 3319 159 3388 Tum
180 3337 311 3408 regem
330 3316 454 3385 adiens
475 3318 682 3398 aulicorum
701 3318 870 3408 quidam:
898 3315 1017 3386 domi·

4 3451 6 3458 ·
59 3416 121 3484 ne!
156 3415 302 3506 inquit,
338 3407 462 3484 durior
486 3440 585 3487 mors
600 3418 691 3486 huic
706 3417 850 3486 homini
870 3417 1018 3496 decreto

59 3516 163 3584 nobis
184 3513 364 3600 videtur&
384 3540 498 3606 quare
520 3539 693 3610 rogamus
718 3531 756 3586 et
774 3541 942 3604 oramus,
974 3529 1018 3583 ut

59 3627 134 3682 tam
150 3613 239 3682 forti
252 3616 331 3690 viro
344 3619 505 3706 pecunia
518 3619 655 3686 caedem
664 3617 814 3707 expiare
826 3619 947 3705 liceat,
969 3629 1017 3704 et,
1079 3696 1081 3701 .

59 3716 88 3785 si
105 3707 177 3798 tibi
193 3714 397 3806 videbitur,
425 3717 466 3786 in
483 3711 603 3786 aulica
620 3741 798 3806 munera,
825 3717 907 3784 caesi
923 3719 1017 3803 loco,

5 3843 9 3852 ·
59 3813 194 3904 recipi5
219 3813 282 3882 hic
302 3817 403 3885 enim
416 3815 473 3902 ¹nir
486 3816 708 3902 fortitudine·
720 3819 848 3886 Grimo
867 3839 948 3888 non
962 3839 1020 3883 ce·

60 3913 146 3982 dere
170 3912 328 3984 videtur.
389 3919 468 3986 Rex
489 3919 715 4008 respondet:¹
739 3919 828 4008 hac,
861 3940 942 4008 quoe
964 3915 1022 3984 ilii
