2528 4770
322 213 414 302 290
605 233 877 298 Ε
1116 230 1211 300 atas.

138 485 142 492 ·
256 441 412 512 ferebat.
465 439 725 516 TumEiriltus
742 454 907 532 satrapa:
924 441 1063 513 eximia
1076 442 1215 514 baena-

256 543 311 612 vis
326 541 460 612 decora
475 558 589 631 atque
604 541 717 633 digna
733 556 791 610 est
807 541 875 610 tali
888 564 998 636 rege,
1028 545 1144 634 q'ualis
1169 560 1217 612 est

258 643 396 712 Olavus
420 641 605 734 Tryggvii
625 640 744 730 filius,
780 642 922 732 dequo
948 667 1037 710 vere
1055 644 1217 734 praedica-

255 757 341 831 tur,
357 766 446 810 eum
460 757 611 810 tantum
619 741 701 810 aliis
710 743 859 834 regibus
867 744 1107 830 antecellere,
1115 768 1218 836 quan-

255 857 339 914 tum
353 844 512 933 Serpens
528 843 682 934 Longus
698 842 781 910 aliis
795 843 953 910 navibus
968 857 1128 932 praestet.

551 1013 693 1105 Pugna
718 1011 928 1084 Sv'oldrica.

358 1143 447 1237 Cap.
463 1153 535 1220 249.
598 1145 695 1214 Cum
713 1147 922 1238 Sigvaldius
938 1149 1092 1237 Satrapa
1110 1171 1150 1216 ac
1162 1149 1213 1216 sui

254 1247 338 1316 vela
355 1247 583 1316 demiserunt
599 1261 638 1313 et
654 1269 765 1314 naves
782 1247 830 1314 ad
845 1247 1009 1314 insulam
1021 1248 1213 1338 remispro-

255 1347 467 1438 pellebant,
494 1346 676 1417 Thorkell
689 1347 841 1439 Dydrill
857 1348 991 1428 ductor
1007 1347 1131 1432 Gruis,
1144 1350 1212 1416 alii·

256 1469 329 1536 que
351 1447 505 1514 navium
528 1461 711 1532 rectores,
757 1447 823 1536 qui
848 1471 936 1516 eum
963 1449 1212 1536 sequebantur,

255 1568 343 1614 cum
363 1545 534 1616 viderent
552 1561 740 1635 satrapam
759 1569 872 1616 naves
894 1568 978 1614 suas
996 1547 1044 1614 ad
1066 1547 1213 1616 insulam

255 1645 472 1733 deflectere,
507 1646 580 1736 ipsi
605 1669 773 1738 quoque,
810 1646 979 1714 demissis
996 1647 1105 1734 velis,
1138 1671 1213 1714 aum

253 1745 413 1838 remigio
431 1746 619 1814 subsecuti
634 1761 730 1816 sunt.
794 1745 977 1818 Thorkell
996 1746 1213 1838 Sigvaldium

255 1859 443 1936 satrapam
460 1846 684 1933 inclamans,
709 1845 862 1936 quaerit,
891 1865 960 1913 cur
975 1868 1053 1930 non
1070 1848 1149 1915 vela
1161 1847 1212 1914 da·

253 1944 336 2014 rat?
387 1945 540 2034 satrapa
558 1945 740 2032 ostendit,
767 1967 806 2014 se
827 1947 1032 2014 adventum
1048 1947 1144 2038 regis
1160 1971 1211 2014 ex-

253 2057 422 2136 spectare
448 2045 566 2112 velle:
601 2067 690 2114 vero
713 2045 816 2114 enim
837 2045 960 2112 simile
984 2058 1057 2140 est,
1087 2047 1210 2137 iuquit,

251 2166 320 2214 nos
349 2145 393 2214 ab
416 2145 589 2214 hostibus
613 2145 885 2213 circumventos
911 2167 999 2214 esse.
1065 2147 1212 2217 Navium

251 2245 369 2340 igitur
394 2267 547 2316 cursum
572 2243 729 2330 sistunt,
765 2243 1092 2316 donecThorkell
1113 2246 1211 2332 Nelja

252 2367 338 2416 curn
359 2346 540 2435 Serpente
564 2345 667 2413 brevi
682 2343 845 2432 adesset,
885 2356 923 2410 et
950 2359 1112 2435 quatuor
1133 2370 1211 2414 eum

252 2445 438 2520 comitatae
456 2465 588 2532 naves,
615 2443 850 2534 quibuscum
867 2444 998 2521 eadem
1013 2467 1073 2514 res
1090 2460 1143 2513 est
1160 2469 1211 2514 re-

250 2547 345 2631 lata,
372 2545 487 2614 etiam
502 2545 580 2632 illi,
601 2543 695 2614 'velis
714 2543 933 2631 contractis,
965 2545 1119 2614 navium
1138 2569 1211 2614 cur·

251 2665 339 2714 sum
361 2643 558 2732 inhibent,
594 2643 797 2712 adventum
818 2644 924 2712 Olavi
946 2644 1047 2736 regis
1071 2667 1210 2737 exspec-

250 2757 381 2814 tantes.
446 2741 580 2810 Classis
600 2757 724 2812 autem
739 2764 873 2836 regum
890 2744 1209 2834 (adversariorum)

249 2843 291 2912 in
311 2842 490 2912 interiore
514 2856 629 2933 portu
649 2845 789 2932 stabat,
817 2865 933 2934 quare
952 2845 1119 2934 conspici
1141 2870 1211 2915 non

250 2945 393 3036 potuit,
419 2955 583 3034 quantus
597 2957 692 3013 esset
706 2941 873 3012 hostium
889 2943 1085 3014 exercitus.
1123 2947 1211 3014 Cum

250 3057 379 3114 autem
396 3067 463 3114 rex
480 3043 617 3112 Olavus
633 3067 678 3112 ex
698 3044 878 3114 interiore
900 3041 1033 3134 sinu*)
1052 3044 1099 3114 ad
1117 3046 1211 3114 insu-

250 3145 326 3214 lam
347 3143 558 3236 navigaret,
593 3143 721 3212 videns
745 3163 830 3211 suos
854 3141 1024 3212 demissis
1046 3144 1136 3214 velis
1152 3141 1212 3212 'ad-

248 3255 406 3313 ventum
423 3266 534 3312 suurn
552 3258 787 3333 exspectare,
812 3265 947 3312 navem
963 3267 983 3312 a
997 3243 1126 3332 latere,
1146 3269 1211 3335 qua

249 3343 412 3432 spirabat
431 3347 583 3432 ventus,
619 3343 774 3429 direxit,
802 3365 938 3432 eosque
956 3343 1210 3437 interrogavit,

250 3442 357 3512 curui
379 3441 619 3534 navigarent3
646 3444 703 3512 illi
726 3443 895 3512 indicant
913 3443 1013 3534 regi,
1037 3445 1212 3514 hostilem

249 3541 457 3614 exercitum
478 3542 553 3610 illis
566 3539 752 3629 insidiari,
778 3555 973 3634 rogantes,
1000 3558 1044 3610 ut
1058 3543 1147 3636 fuga
1163 3567 1212 3612 sa-

247 3641 320 3714 luti
341 3643 564 3714 consuleret.
619 3645 707 3737 Quae
723 3666 809 3710 cum
829 3642 1022 3730 afferrent,
1048 3667 1115 3712 rex
1137 3668 1212 3712 sur·

248 3763 339 3836 gens
350 3745 447 3814 celsa
464 3745 503 3814 in
516 3743 654 3832 puppi,
673 3743 747 3810 suis
760 3741 944 3831 loquitur:
965 3744 1092 3814 velum
1103 3768 1214 3836 quam

249 3842 427 3913 citissime
445 3843 651 3933 demittite,
672 3841 877 3920 ,aliiretuos
896 3843 941 3914 ab
957 3843 1135 3914 lateribus
1157 3868 1214 3913 ex·

248 3985 513 4014 M

247 4074 277 4145 *)
289 4071 321 4127 ab
336 4087 420 4132 arrstro
428 4111 436 4141 ,
454 4057 485 4126 ll.
