2502 4774
365 333 638 350 *na—-

42 507 215 584 tuscum,¹
235 501 353 586 q‘ue'ne
362 498 411 566 'in'
422 497 617 588 herninem
631 494 877 587 peregrinum
891 500 1003 576 cade-2.

44 619 79 664 re
96 618 195 685 posse
209 598 444 685 viderentur,
471 598 603 668 eodem
616 597 696 668 iere
710 596 880 666 medeae
893 614 936 668 tu
950 603 1001 670 abt

40 697 187 770 Halone
201 713 360 788 satrape.
412 703 523 770 Ntmc
537 699 689 768 tandem
704 719 747 764 eo
764 697 1001 775 resedducte,

42 813 104 884 est,
137 811 181 868 ut
195 801 349 888 utrique
359 814 549 888 nostrum,
579 821 652 892 pro
672 795 786 890 longe
810 802 998 890 prosperi-4

40 899 112 968 tetis
131 912 169 966 et
180 899 336 970 honoris
347 899 561 987 messione,
578 897 818 991 patrimonia
831 913 870 999 et
882 903 1001 992 petri-

39 1023 71 1068 es
96 1001 449 1090 recuperaverimus
510 999 691 1070 Omnium
716 1022 810 1068 vere
833 1003 1003 1074 maxime

41 1099 131 1168 eade
154 1122 284 1190 cause,
304 1101 551 1190 quod'eudiui·
567 1115 605 1170 te
624 1122 824 1190 uunquam
847 1102 1003 1172 simule-

41 1221 92 1268 cra
108 1201 274 1290 coluisse,
300 1223 406 1270 more
420 1203 583 1271 eliorum
597 1201 854 1290 etlmicorum,
879 1203 920 1272 in
933 1203 1001 1272 bo«

38 1323 178 1368 nasum
198 1325 284 1392 epe,
324 1301 425 1390 fore,
459 1316 504 1370 ut
534 1303 700 1372 excelsus
720 1302 902 1372 coelerum
917 1326 1001 1390 rex,

41 1413 171 1472 creater
188 1405 359 1490 emnium
382 1409 537 1490 rerum,
554 1416 594 1471 te
607 1402 655 1470 ed
672 1402 846 1478 notitiem
858 1405 999 1476 excelsi

39 1502 264 1591 suineminis,
273 1517 310 1570 et
318 1503 364 1572 ad
372 1502 659 1572 sanctamlidem
668 1501 998 1575 meisadrhortarie

38 1603 332 1693 nibusperducar,
349 1600 792 1696 mihiqueeociurnfaciat
804 1613 900 1674 verre
910 1605 998 1674 reli-

38 1703 154 1793 gionis,
163 1705 484 1793 quemadmodum
493 1702 828 1794 aequelemrolrorc,
836 1702 1002 1776 artitnee

38 1817 197 1894 tuteque
207 1803 333 1893 bonis,
351 1805 505 1896 aliisque
520 1802 999 1894 multiplicibusbeneficiis‚

40 1903 391 1992 quetibisicutmihi
406 1907 796 1998 lougoentetempore
806 1904 998 1994 concessit,

40 2026 139 2091 quem
154 2005 273 2072 ullem
291 2005 422 2096 glorie
433 2006 698 2076 suenotitiam
711 2002 855 2076 helie-ri.⁴
892 2002 1000 2078 Idem

38 2105 94 2170 ille
106 2106 342 2193 omnipotens
349 2106 439 2175 deus
454 2105 557 2192 faerit,
573 2117 622 2174 ut,
631 2117 671 2172 te
685 2102 734 2174 ed
743 2125 872 2176 veram
884 2103 1000 2179 fidem

39 2203 230 2292 adducere,
257 2206 411 2296 ejusque
434 2205 998 2294 nenieteeiesubjteerequeem,

38 2317 75 2370 ut
93 2304 242 2393 exirrde,
274 2307 387 2395 ipsius
400 2305 599 2396 beneficioi,
636 2325 799 2394 meoque
823 2305 1002 2393 exemplu

39 2417 70 2470 et
83 2405 355 2495 adhortetierre,
393 2424 521 2476 omnes
537 2405 610 2476 tibi
637 2401 894 2491 subjectoeed
910 2403 1001 2489 ,ciue

37 2506 184 2594 gloriam
199 2507 405 2596 perducere
419 2507 545 2598 possis,
572 2503 672 2596 quod
685 2503 999 2594 futurumepem.

39 2607 92 2674 Tu
105 2629 266 2697 quoque,
296 2609 327 2676 si
347 2609 439 2678 meis
461 2607 632 2692 monitis,
668 2627 754 2696 quae
773 2603 851 2692 jem
875 2604 999 2691 rettuli,

38 2705 181 2796 obsequi
210 2708 358 2796 deeque
379 2710 523 2778 sincera
542 2706 616 2776 lide
634 2717 845 2778 constanter
855 2705 999 2777 servire

37 2805 196 2895 volueris,
212 2808 415 2876 amicitiem
430 2821 467 2874 et
475 2807 660 2878 honorem
675 2829 697 2874 a
713 2829 776 2876 me
795 2827 998 2896 conseque·

37 2905 95 2992 ris,
121 2909 286 3008 quumvis
306 2907 419 2976 nihili
432 2908 563 2998 sitprae.
576 2907 643 2976 illo
661 2905 805 2976 honore
823 2919 861 2976 et
881 2903 999 2976 felici-

36 3018 123 3096 tate,
154 3030 270 3097 quem
291 3007 527 3099 omnipotens
555 3005 646 3076 deus
660 3020 767 3094 peter
783 3006 854 3076 tibi
867 3027 999 3078 conce
1103 3001 1104 3018 ¹

37 3103 108 3192 det,
142 3121 187 3176 ut
209 3108 324 3178 cuiuis
348 3109 432 3195 elii,
474 3106 540 3198 q'ui
559 3105 741 3176 beneficio
769 3106 888 3176 sancti
918 3105 1000 3189 ejus

35 3207 173 3293 spiritus
187 3222 374 3298 precepta
392 3209 471 3295 eius
485 3208 679 3293 observet,
701 3226 839 3296 nempe
852 3217 896 3272 ut
911 3225 1000 3275 cum

36 3302 128 3376 dulci
148 3330 216 3376 suo
230 3307 329 3396 filio,
362 3329 454 3402 rege
466 3309 804 3399 omnium-regum,
836 3304 877 3372 in
893 3317 999 3375 eter-

35 3427 118 3474 num
133 3421 268 3500 regnet
288 3411 327 3480 in
348 3410 547 3478 celsissima
564 3409 673 3500 regni
692 3405 853 3480 coelestis,
865 3403 997 3495 glories

36 3503 194 3576 Cumrex
211 3509 326 3580 finem
344 3509 672 3596 dicendifecieset,
698 3505 925 3600 Sigmundus
942 3505 999 3579 ine

34 3602 85 3672 fit:
112 3623 246 3676 netum
269 3609 340 3680 tibi
356 3624 428 3701 est,
441 3643 444 3648 ·
457 3607 625 3680 dundee!
650 3608 752 3698 quod
768 3608 808 3678 in
828 3605 999 3678 oratioue

33 3717 90 3774 tua
116 3709 292 3801 attigisti,
326 3731 390 3780 me.
416 3710 623 3780 ministerio
661 3709 812 3779 Hekerri
843 3719 999 3795 satrape

34 3805 243 3883 devinctum.
267 3809 400 3899 fuisse,
455 3834 476 3880 e
503 3833 578 3901 quo
606 3808 813 3880 liberaliter
837 3805 998 3891 habitus,

33 3921 122 3977 sorte
158 3933 243 3978 mea
267 3911 434 4000 perbene
464 3923 663 3980 contentus
689 3907 763 3993 iui;
802 3906 1001 3980 eratenim

33 4010 150 4078 unicis
173 4011 397 4100 benevolus,
434 4012 542 4084 utilia
567 4010 788 4098 consulens,
825 4005 998 4092 liberalis,

63 4143 87 4187 2.
100 4140 155 4190 vol.
765 4111 802 4179 H
