<?xml version="1.0" encoding="UTF-8"?>
<!DOCTYPE html PUBLIC "-//W3C//DTD XHTML 1.0 Transitional//EN"
    "http://www.w3.org/TR/xhtml1/DTD/xhtml1-transitional.dtd">
<html xmlns="http://www.w3.org/1999/xhtml" xml:lang="en" lang="en">
 <head>
  <title>
</title>
<meta http-equiv="Content-Type" content="text/html;charset=utf-8" />
  <meta name='ocr-system' content='tesseract 3.04.00' />
  <meta name='ocr-capabilities' content='ocr_page ocr_carea ocr_par ocr_line ocrx_word'/>
</head>
<body>
  <div class='ocr_page' id='page_1' title='image "./scriptahistoric00unkngoog_0327.png"; bbox 0 0 2528 4770; ppageno 0'>
   <div class='ocr_carea' id='block_1_1' title="bbox 308 189 1203 288">
    <p class='ocr_par' dir='ltr' id='par_1_1' title="bbox 308 189 1203 289">
     <span class='ocr_line' id='line_1_1' title="bbox 308 189 1203 288; baseline -0.019 -2"><span class='ocrx_word' id='word_1_1' title='bbox 308 189 401 288; x_wconf 76' lang='lat' dir='ltr'><strong>art</strong></span> <span class='ocrx_word' id='word_1_2' title='bbox 587 217 862 282; x_wconf 53' lang='lat' dir='ltr'><strong>m</strong></span> <span class='ocrx_word' id='word_1_3' title='bbox 1104 208 1203 284; x_wconf 78' lang='grc'>11111.</span> 
     </span>
    </p>
   </div>
   <div class='ocr_carea' id='block_1_2' title="bbox 192 409 1222 2313">
    <p class='ocr_par' dir='ltr' id='par_1_2' title="bbox 192 409 1222 2313">
     <span class='ocr_line' id='line_1_2' title="bbox 244 409 1206 516; baseline 0.002 -28"><span class='ocrx_word' id='word_1_4' title='bbox 244 421 438 516; x_wconf 72' lang='lat' dir='ltr'><strong>‚Norvegia</strong></span> <span class='ocrx_word' id='word_1_5' title='bbox 455 417 563 506; x_wconf 87' lang='lat' dir='ltr'><strong>tulit,</strong></span> <span class='ocrx_word' id='word_1_6' title='bbox 589 417 810 503; x_wconf 73' lang='lat' dir='ltr'><strong>hominum,</strong></span> <span class='ocrx_word' id='word_1_7' title='bbox 841 415 945 497; x_wconf 82' lang='lat' dir='ltr'><strong>idenl</strong></span> <span class='ocrx_word' id='word_1_8' title='bbox 965 409 1206 494; x_wconf 64' lang='lat' dir='ltr'><strong>arcamaria-</strong></span> 
     </span>
     <span class='ocr_line' id='line_1_3' title="bbox 222 518 1208 597; baseline -0.006 0"><span class='ocrx_word' id='word_1_9' title='bbox 222 559 236 574; x_wconf 87' lang='lat'><strong>··</strong></span> <span class='ocrx_word' id='word_1_10' title='bbox 252 528 304 597; x_wconf 86' lang='lat' dir='ltr'><strong>ris</strong></span> <span class='ocrx_word' id='word_1_11' title='bbox 327 518 695 596; x_wconf 85' lang='lat' dir='ltr'><strong>Thambarskelferis</strong></span> <span class='ocrx_word' id='word_1_12' title='bbox 719 518 973 589; x_wconf 70' lang='lat' dir='ltr'><strong>fabricaverat.</strong></span> <span class='ocrx_word' id='word_1_13' title='bbox 1049 520 1156 594; x_wconf 83' lang='lat' dir='ltr'><strong>Einar</strong></span> <span class='ocrx_word' id='word_1_14' title='bbox 1173 523 1208 591; x_wconf 85' lang='lat' dir='ltr'><strong>in</strong></span> 
     </span>
     <span class='ocr_line' id='line_1_4' title="bbox 192 619 1209 712; baseline -0.006 -16"><span class='ocrx_word' id='word_1_15' title='bbox 192 635 194 642; x_wconf 83' lang='lat'>&#39;</span> <span class='ocrx_word' id='word_1_16' title='bbox 252 621 505 696; x_wconf 84' lang='lat' dir='ltr'><strong>interscalmio</strong></span> <span class='ocrx_word' id='word_1_17' title='bbox 519 633 676 712; x_wconf 86' lang='lat' dir='ltr'><strong>angusto</strong></span> <span class='ocrx_word' id='word_1_18' title='bbox 690 619 879 711; x_wconf 78' lang='lat' dir='ltr'><strong>Serpentis</strong></span> <span class='ocrx_word' id='word_1_19' title='bbox 896 619 1034 708; x_wconf 79' lang='lat' dir='ltr'><strong>stabnt,</strong></span> <span class='ocrx_word' id='word_1_20' title='bbox 1066 620 1132 694; x_wconf 90' lang='lat' dir='ltr'><strong>nbi</strong></span> <span class='ocrx_word' id='word_1_21' title='bbox 1143 621 1209 690; x_wconf 87' lang='lat' dir='ltr'><strong>hoe</strong></span> 
     </span>
     <span class='ocr_line' id='line_1_5' title="bbox 255 718 1211 805; baseline -0.005 -9"><span class='ocrx_word' id='word_1_22' title='bbox 255 727 316 796; x_wconf 88' lang='lat' dir='ltr'><strong>die</strong></span> <span class='ocrx_word' id='word_1_23' title='bbox 331 741 420 798; x_wconf 84' lang='lat' dir='ltr'><strong>arcu</strong></span> <span class='ocrx_word' id='word_1_24' title='bbox 433 723 510 802; x_wconf 86' lang='lat' dir='ltr'><strong>tela</strong></span> <span class='ocrx_word' id='word_1_25' title='bbox 526 721 740 805; x_wconf 72' lang='lat' dir='ltr'><strong>emittebat,</strong></span> <span class='ocrx_word' id='word_1_26' title='bbox 768 722 803 795; x_wconf 84' lang='lat' dir='ltr'><strong>is</strong></span> <span class='ocrx_word' id='word_1_27' title='bbox 826 718 997 792; x_wconf 83' lang='lat' dir='ltr'><strong>omniurn</strong></span> <span class='ocrx_word' id='word_1_28' title='bbox 1020 719 1211 800; x_wconf 84' lang='lat' dir='ltr'><strong>hominum</strong></span> 
     </span>
     <span class='ocr_line' id='line_1_6' title="bbox 255 818 1208 912; baseline -0.007 -17"><span class='ocrx_word' id='word_1_29' title='bbox 255 823 478 912; x_wconf 82' lang='lat' dir='ltr'><strong>validissime</strong></span> <span class='ocrx_word' id='word_1_30' title='bbox 495 821 646 912; x_wconf 80' lang='lat' dir='ltr'><strong>sagittas</strong></span> <span class='ocrx_word' id='word_1_31' title='bbox 664 844 758 896; x_wconf 85' lang='lat' dir='ltr'><strong>arcu</strong></span> <span class='ocrx_word' id='word_1_32' title='bbox 773 818 954 896; x_wconf 59' lang='lat' dir='ltr'><strong>excussit.»</strong></span> <span class='ocrx_word' id='word_1_33' title='bbox 995 820 1110 892; x_wconf 84' lang='lat' dir='ltr'><strong>Einar</strong></span> <span class='ocrx_word' id='word_1_34' title='bbox 1123 821 1208 892; x_wconf 89' lang='lat' dir='ltr'><strong>Eiri-</strong></span> 
     </span>
     <span class='ocr_line' id='line_1_7' title="bbox 252 920 1207 1012; baseline -0.003 -19"><span class='ocrx_word' id='word_1_35' title='bbox 252 925 350 996; x_wconf 76' lang='lat' dir='ltr'><strong>lrum</strong></span> <span class='ocrx_word' id='word_1_36' title='bbox 368 924 561 1011; x_wconf 84' lang='lat' dir='ltr'><strong>Satrapam</strong></span> <span class='ocrx_word' id='word_1_37' title='bbox 578 921 711 1012; x_wconf 87' lang='lat' dir='ltr'><strong>sagitta</strong></span> <span class='ocrx_word' id='word_1_38' title='bbox 726 920 881 1010; x_wconf 77' lang='lat' dir='ltr'><strong>perivit,</strong></span> <span class='ocrx_word' id='word_1_39' title='bbox 908 921 1207 1008; x_wconf 70' lang='lat' dir='ltr'><strong>quesummitati</strong></span> 
     </span>
     <span class='ocr_line' id='line_1_8' title="bbox 256 1021 1207 1120; baseline -0.004 -26"><span class='ocrx_word' id='word_1_40' title='bbox 256 1023 523 1120; x_wconf 81' lang='lat' dir='ltr'><strong>gubernaculi,</strong></span> <span class='ocrx_word' id='word_1_41' title='bbox 565 1041 676 1111; x_wconf 87' lang='lat' dir='ltr'><strong>supra</strong></span> <span class='ocrx_word' id='word_1_42' title='bbox 708 1035 821 1110; x_wconf 90' lang='lat' dir='ltr'><strong>caput</strong></span> <span class='ocrx_word' id='word_1_43' title='bbox 839 1021 1020 1110; x_wconf 66' lang='lat' dir='ltr'><strong>Satrapes,</strong></span> <span class='ocrx_word' id='word_1_44' title='bbox 1052 1024 1207 1091; x_wconf 80' lang='lat' dir='ltr'><strong>tentavi</strong></span> 
     </span>
     <span class='ocr_line' id='line_1_9' title="bbox 256 1121 1207 1214; baseline -0.004 -20"><span class='ocrx_word' id='word_1_45' title='bbox 256 1129 419 1214; x_wconf 88' lang='lat' dir='ltr'><strong>impacta</strong></span> <span class='ocrx_word' id='word_1_46' title='bbox 435 1136 513 1210; x_wconf 78' lang='lat' dir='ltr'><strong>ast,</strong></span> <span class='ocrx_word' id='word_1_47' title='bbox 538 1137 582 1198; x_wconf 85' lang='lat' dir='ltr'><strong>ut</strong></span> <span class='ocrx_word' id='word_1_48' title='bbox 597 1122 643 1192; x_wconf 88' lang='lat' dir='ltr'><strong>ad</strong></span> <span class='ocrx_word' id='word_1_49' title='bbox 656 1121 862 1214; x_wconf 72' lang='lat' dir='ltr'><strong>ligaturam</strong></span> <span class='ocrx_word' id='word_1_50' title='bbox 876 1142 997 1209; x_wconf 73' lang='lat' dir='ltr'><strong>usqne</strong></span> <span class='ocrx_word' id='word_1_51' title='bbox 1007 1129 1207 1212; x_wconf 77' lang='lat' dir='ltr'><strong>pennarum</strong></span> 
     </span>
     <span class='ocr_line' id='line_1_10' title="bbox 257 1219 1206 1318; baseline -0.003 -25"><span class='ocrx_word' id='word_1_52' title='bbox 257 1235 483 1318; x_wconf 84' lang='lat' dir='ltr'><strong>penetraret.</strong></span> <span class='ocrx_word' id='word_1_53' title='bbox 536 1219 1206 1311; x_wconf 45' lang='lat' dir='ltr'><strong>satrape,circumspicieussuosinter-</strong></span> 
     </span>
     <span class='ocr_line' id='line_1_11' title="bbox 258 1319 1209 1417; baseline -0.005 -23"><span class='ocrx_word' id='word_1_54' title='bbox 258 1322 422 1417; x_wconf 83' lang='lat' dir='ltr'><strong>rogavit,</strong></span> <span class='ocrx_word' id='word_1_55' title='bbox 449 1346 497 1392; x_wconf 84' lang='lat' dir='ltr'><strong>an</strong></span> <span class='ocrx_word' id='word_1_56' title='bbox 510 1335 662 1392; x_wconf 83' lang='lat' dir='ltr'>nossent</span> <span class='ocrx_word' id='word_1_57' title='bbox 679 1335 758 1390; x_wconf 83' lang='lat' dir='ltr'><strong>tam</strong></span> <span class='ocrx_word' id='word_1_58' title='bbox 773 1321 893 1393; x_wconf 89' lang='lat' dir='ltr'><strong>valide</strong></span> <span class='ocrx_word' id='word_1_59' title='bbox 903 1319 1154 1406; x_wconf 67' lang='lat' dir='ltr'><strong>iaculantem?</strong></span> <span class='ocrx_word' id='word_1_60' title='bbox 1176 1336 1209 1389; x_wconf 87' lang='lat' dir='ltr'><strong>et</strong></span> 
     </span>
     <span class='ocr_line' id='line_1_12' title="bbox 258 1420 1209 1513; baseline -0.004 -19"><span class='ocrx_word' id='word_1_61' title='bbox 258 1449 304 1494; x_wconf 89' lang='lat' dir='ltr'><strong>eo</strong></span> <span class='ocrx_word' id='word_1_62' title='bbox 322 1423 408 1513; x_wconf 84' lang='lat' dir='ltr'><strong>ipso.</strong></span> <span class='ocrx_word' id='word_1_63' title='bbox 422 1437 614 1494; x_wconf 86' lang='lat' dir='ltr'><strong>momento</strong></span> <span class='ocrx_word' id='word_1_64' title='bbox 628 1421 700 1492; x_wconf 86' lang='lat' dir='ltr'><strong>alia</strong></span> <span class='ocrx_word' id='word_1_65' title='bbox 714 1423 842 1492; x_wconf 86' lang='lat' dir='ltr'><strong>volans</strong></span> <span class='ocrx_word' id='word_1_66' title='bbox 851 1420 993 1512; x_wconf 71' lang='lat' dir='ltr'><strong>sagina</strong></span> <span class='ocrx_word' id='word_1_67' title='bbox 1006 1420 1097 1492; x_wconf 86' lang='lat' dir='ltr'><strong>adeo</strong></span> <span class='ocrx_word' id='word_1_68' title='bbox 1105 1439 1209 1510; x_wconf 88' lang='lat' dir='ltr'><strong>prope</strong></span> 
     </span>
     <span class='ocr_line' id='line_1_13' title="bbox 258 1521 1211 1612; baseline -0.004 -21"><span class='ocrx_word' id='word_1_69' title='bbox 258 1539 443 1612; x_wconf 82' lang='lat' dir='ltr'><strong>satrapam</strong></span> <span class='ocrx_word' id='word_1_70' title='bbox 459 1523 667 1610; x_wconf 81' lang='lat' dir='ltr'><strong>ferebatur,</strong></span> <span class='ocrx_word' id='word_1_71' title='bbox 688 1535 737 1596; x_wconf 86' lang='lat' dir='ltr'><strong>ut</strong></span> <span class='ocrx_word' id='word_1_72' title='bbox 751 1521 851 1594; x_wconf 82' lang='lat' dir='ltr'><strong>inter</strong></span> <span class='ocrx_word' id='word_1_73' title='bbox 865 1522 963 1593; x_wconf 85' lang='lat' dir='ltr'><strong>latus</strong></span> <span class='ocrx_word' id='word_1_74' title='bbox 983 1521 1067 1607; x_wconf 75' lang='lat' dir='ltr'><strong>eius</strong></span> <span class='ocrx_word' id='word_1_75' title='bbox 1087 1535 1123 1590; x_wconf 90' lang='lat' dir='ltr'><strong>et</strong></span> <span class='ocrx_word' id='word_1_76' title='bbox 1140 1521 1211 1589; x_wconf 89' lang='lat' dir='ltr'><strong>bra·</strong></span> 
     </span>
     <span class='ocr_line' id='line_1_14' title="bbox 259 1623 1212 1735; baseline -0.005 -41"><span class='ocrx_word' id='word_1_77' title='bbox 259 1623 392 1694; x_wconf 87' lang='lat' dir='ltr'><strong>chium</strong></span> <span class='ocrx_word' id='word_1_78' title='bbox 408 1623 613 1735; x_wconf 78' lang='lat' dir='ltr'><strong>transiens,</strong></span> <span class='ocrx_word' id='word_1_79' title='bbox 630 1623 814 1710; x_wconf 81' lang='lat' dir='ltr'><strong>tabulam,</strong></span> <span class='ocrx_word' id='word_1_80' title='bbox 832 1639 926 1713; x_wconf 84' lang='lat' dir='ltr'><strong>qnae</strong></span> <span class='ocrx_word' id='word_1_81' title='bbox 938 1640 1042 1710; x_wconf 85' lang='lat' dir='ltr'><strong>pone</strong></span> <span class='ocrx_word' id='word_1_82' title='bbox 1057 1633 1161 1712; x_wconf 80' lang='lat' dir='ltr'><strong>eaput</strong></span> <span class='ocrx_word' id='word_1_83' title='bbox 1178 1645 1212 1689; x_wconf 85' lang='lat' dir='ltr'><strong>e-</strong></span> 
     </span>
     <span class='ocr_line' id='line_1_15' title="bbox 259 1720 1213 1814; baseline -0.006 -20"><span class='ocrx_word' id='word_1_84' title='bbox 259 1737 337 1810; x_wconf 83' lang='lat' dir='ltr'><strong>rat,</strong></span> <span class='ocrx_word' id='word_1_85' title='bbox 362 1737 466 1792; x_wconf 86' lang='lat' dir='ltr'><strong>tanta</strong></span> <span class='ocrx_word' id='word_1_86' title='bbox 480 1723 519 1792; x_wconf 83' lang='lat' dir='ltr'><strong>vi</strong></span> <span class='ocrx_word' id='word_1_87' title='bbox 532 1735 767 1814; x_wconf 78' lang='lat' dir='ltr'><strong>penetraret,</strong></span> <span class='ocrx_word' id='word_1_88' title='bbox 792 1735 836 1792; x_wconf 87' lang='lat' dir='ltr'><strong>ut</strong></span> <span class='ocrx_word' id='word_1_89' title='bbox 847 1720 1038 1812; x_wconf 84' lang='lat' dir='ltr'><strong>spiculum</strong></span> <span class='ocrx_word' id='word_1_90' title='bbox 1053 1733 1213 1794; x_wconf 83' lang='lat' dir='ltr'><strong>exstaret.</strong></span> 
     </span>
     <span class='ocr_line' id='line_1_16' title="bbox 260 1773 1214 1936; baseline -0.01 -38"><span class='ocrx_word' id='word_1_91' title='bbox 260 1773 363 1898; x_wconf 78' lang='lat' dir='ltr'><strong>Tuin</strong></span> <span class='ocrx_word' id='word_1_92' title='bbox 376 1837 522 1936; x_wconf 80' lang='lat' dir='ltr'><strong>satrapa</strong></span> <span class='ocrx_word' id='word_1_93' title='bbox 536 1824 719 1894; x_wconf 76' lang='lat' dir='ltr'><strong>allocutus</strong></span> <span class='ocrx_word' id='word_1_94' title='bbox 733 1821 771 1894; x_wconf 88' lang='lat' dir='ltr'><strong>F</strong></span> <span class='ocrx_word' id='word_1_95' title='bbox 761 1843 897 1896; x_wconf 74' lang='lat' dir='ltr'><strong>tanum</strong></span> <span class='ocrx_word' id='word_1_96' title='bbox 911 1821 1070 1913; x_wconf 82' lang='lat' dir='ltr'><strong>Eyvindi</strong></span> <span class='ocrx_word' id='word_1_97' title='bbox 1084 1822 1214 1890; x_wconf 87' lang='lat' dir='ltr'><strong>lilium:</strong></span> 
     </span>
     <span class='ocr_line' id='line_1_17' title="bbox 259 1921 1218 2014; baseline -0.002 -20"><span class='ocrx_word' id='word_1_98' title='bbox 259 1923 443 2011; x_wconf 83' lang='lat' dir='ltr'><strong>jaculare,</strong></span> <span class='ocrx_word' id='word_1_99' title='bbox 483 1925 653 2014; x_wconf 88' lang='lat' dir='ltr'><strong>inquit,</strong></span> <span class='ocrx_word' id='word_1_100' title='bbox 650 1922 798 1996; x_wconf 78' lang='lat' dir='ltr'><strong>uirum</strong></span> <span class='ocrx_word' id='word_1_101' title='bbox 808 1921 952 1996; x_wconf 83' lang='lat' dir='ltr'><strong>illum</strong></span> <span class='ocrx_word' id='word_1_102' title='bbox 942 1935 1150 2014; x_wconf 83' lang='lat' dir='ltr'><strong>mgentem,</strong></span> <span class='ocrx_word' id='word_1_103' title='bbox 1178 1923 1218 1992; x_wconf 92' lang='lat' dir='ltr'><strong>in</strong></span> 
     </span>
     <span class='ocr_line' id='line_1_18' title="bbox 259 2021 1220 2116; baseline 0.003 -24"><span class='ocrx_word' id='word_1_104' title='bbox 259 2023 515 2098; x_wconf 81' lang='lat' dir='ltr'><strong>interscalmio</strong></span> <span class='ocrx_word' id='word_1_105' title='bbox 537 2037 695 2116; x_wconf 79' lang='lat' dir='ltr'><strong>auguste</strong></span> <span class='ocrx_word' id='word_1_106' title='bbox 710 2035 884 2094; x_wconf 83' lang='lat' dir='ltr'><strong>stentem.</strong></span> <span class='ocrx_word' id='word_1_107' title='bbox 923 2021 1063 2096; x_wconf 70' lang='lat' dir='ltr'><strong>Finitus</strong></span> <span class='ocrx_word' id='word_1_108' title='bbox 1074 2034 1220 2112; x_wconf 55' lang='lat' dir='ltr'><strong>respon&lt;</strong></span> 
     </span>
     <span class='ocr_line' id='line_1_19' title="bbox 256 2121 1220 2212; baseline -0.002 -20"><span class='ocrx_word' id='word_1_109' title='bbox 256 2123 338 2192; x_wconf 84' lang='lat' dir='ltr'><strong>dit:</strong></span> <span class='ocrx_word' id='word_1_110' title='bbox 364 2121 467 2192; x_wconf 87' lang='lat' dir='ltr'><strong>hunc</strong></span> <span class='ocrx_word' id='word_1_111' title='bbox 481 2125 678 2198; x_wconf 81' lang='lat' dir='ltr'><strong>hominem</strong></span> <span class='ocrx_word' id='word_1_112' title='bbox 691 2122 804 2192; x_wconf 78' lang='lat' dir='ltr'><strong>ferire</strong></span> <span class='ocrx_word' id='word_1_113' title='bbox 815 2145 894 2194; x_wconf 83' lang='lat' dir='ltr'><strong>non</strong></span> <span class='ocrx_word' id='word_1_114' title='bbox 908 2121 1069 2210; x_wconf 70' lang='lat' dir='ltr'><strong>dabitur,</strong></span> <span class='ocrx_word' id='word_1_115' title='bbox 1089 2125 1220 2212; x_wconf 84' lang='lat' dir='ltr'><strong>quippe</strong></span> 
     </span>
     <span class='ocr_line' id='line_1_20' title="bbox 262 2219 1222 2313; baseline -0.002 -21"><span class='ocrx_word' id='word_1_116' title='bbox 262 2223 338 2313; x_wconf 82' lang='lat' dir='ltr'><strong>qui·</strong></span> <span class='ocrx_word' id='word_1_117' title='bbox 352 2222 467 2294; x_wconf 88' lang='lat' dir='ltr'><strong>morti</strong></span> <span class='ocrx_word' id='word_1_118' title='bbox 491 2240 665 2313; x_wconf 71' lang='lat' dir='ltr'><strong>propere</strong></span> <span class='ocrx_word' id='word_1_119' title='bbox 688 2247 765 2293; x_wconf 85' lang='lat' dir='ltr'><strong>nnn</strong></span> <span class='ocrx_word' id='word_1_120' title='bbox 779 2219 839 2295; x_wconf 66' lang='lat' dir='ltr'><strong>ait</strong></span> <span class='ocrx_word' id='word_1_121' title='bbox 870 2223 1095 2306; x_wconf 70' lang='lat' dir='ltr'><strong>destinatus,</strong></span> <span class='ocrx_word' id='word_1_122' title='bbox 1129 2224 1222 2292; x_wconf 88' lang='lat' dir='ltr'><strong>illud</strong></span> 
     </span>
    </p>
   </div>
   <div class='ocr_carea' id='block_1_3' title="bbox 152 2323 1223 2425">
    <p class='ocr_par' dir='ltr' id='par_1_3' title="bbox 152 2323 1223 2425">
     <span class='ocr_line' id='line_1_21' title="bbox 152 2323 1223 2425; baseline -0.002 -33"><span class='ocrx_word' id='word_1_123' title='bbox 152 2417 156 2425; x_wconf 93' lang='lat'>.</span> <span class='ocrx_word' id='word_1_124' title='bbox 261 2337 390 2392; x_wconf 84' lang='lat' dir='ltr'><strong>autem</strong></span> <span class='ocrx_word' id='word_1_125' title='bbox 412 2323 494 2392; x_wconf 87' lang='lat' dir='ltr'><strong>fieri</strong></span> <span class='ocrx_word' id='word_1_126' title='bbox 516 2337 660 2413; x_wconf 86' lang='lat' dir='ltr'><strong>potest,</strong></span> <span class='ocrx_word' id='word_1_127' title='bbox 697 2337 741 2391; x_wconf 91' lang='lat' dir='ltr'><strong>ut</strong></span> <span class='ocrx_word' id='word_1_128' title='bbox 757 2345 887 2391; x_wconf 89' lang='lat' dir='ltr'><strong>arcum</strong></span> <span class='ocrx_word' id='word_1_129' title='bbox 902 2323 981 2408; x_wconf 88' lang='lat' dir='ltr'><strong>ejus</strong></span> <span class='ocrx_word' id='word_1_130' title='bbox 1000 2323 1223 2413; x_wconf 85' lang='lat' dir='ltr'><strong>pertundere</strong></span> 
     </span>
    </p>
   </div>
   <div class='ocr_carea' id='block_1_4' title="bbox 217 2420 1237 3830">
    <p class='ocr_par' dir='ltr' id='par_1_4' title="bbox 217 2420 1234 3710">
     <span class='ocr_line' id='line_1_22' title="bbox 264 2420 1223 2536; baseline 0 -46"><span class='ocrx_word' id='word_1_131' title='bbox 264 2443 410 2536; x_wconf 85' lang='lat' dir='ltr'><strong>queam.</strong></span> <span class='ocrx_word' id='word_1_132' title='bbox 461 2426 568 2495; x_wconf 85' lang='lat' dir='ltr'><strong>Turn</strong></span> <span class='ocrx_word' id='word_1_133' title='bbox 582 2425 721 2493; x_wconf 82' lang='lat' dir='ltr'><strong>Firmus</strong></span> <span class='ocrx_word' id='word_1_134' title='bbox 736 2421 927 2515; x_wconf 84' lang='lat' dir='ltr'><strong>sagittam,</strong></span> <span class='ocrx_word' id='word_1_135' title='bbox 951 2424 1084 2532; x_wconf 86' lang='lat' dir='ltr'><strong>scalpri</strong></span> <span class='ocrx_word' id='word_1_136' title='bbox 1097 2420 1223 2510; x_wconf 77' lang='lat' dir='ltr'><strong>forma,</strong></span> 
     </span>
     <span class='ocr_line' id='line_1_23' title="bbox 263 2516 1223 2621; baseline -0.002 -30"><span class='ocrx_word' id='word_1_137' title='bbox 263 2521 406 2609; x_wconf 85' lang='lat' dir='ltr'><strong>emisit,</strong></span> <span class='ocrx_word' id='word_1_138' title='bbox 434 2545 515 2614; x_wconf 86' lang='lat' dir='ltr'><strong>quae</strong></span> <span class='ocrx_word' id='word_1_139' title='bbox 535 2523 705 2592; x_wconf 88' lang='lat' dir='ltr'><strong>medium</strong></span> <span class='ocrx_word' id='word_1_140' title='bbox 725 2516 869 2594; x_wconf 82' lang='lat' dir='ltr'><strong>Einaris</strong></span> <span class='ocrx_word' id='word_1_141' title='bbox 890 2527 1019 2590; x_wconf 83' lang='lat' dir='ltr'><strong>arcum</strong></span> <span class='ocrx_word' id='word_1_142' title='bbox 1033 2523 1223 2621; x_wconf 87' lang='lat' dir='ltr'><strong>percussit,</strong></span> 
     </span>
     <span class='ocr_line' id='line_1_24' title="bbox 217 2623 1225 2712; baseline 0.001 -24"><span class='ocrx_word' id='word_1_143' title='bbox 217 2690 221 2698; x_wconf 78' lang='grc'><em>,</em></span> <span class='ocrx_word' id='word_1_144' title='bbox 265 2645 339 2712; x_wconf 92' lang='lat' dir='ltr'><strong>quo</strong></span> <span class='ocrx_word' id='word_1_145' title='bbox 356 2623 537 2712; x_wconf 82' lang='lat' dir='ltr'><strong>temperis</strong></span> <span class='ocrx_word' id='word_1_146' title='bbox 558 2631 749 2695; x_wconf 86' lang='lat' dir='ltr'><strong>momento</strong></span> <span class='ocrx_word' id='word_1_147' title='bbox 765 2624 876 2694; x_wconf 86' lang='lat' dir='ltr'><strong>Einar</strong></span> <span class='ocrx_word' id='word_1_148' title='bbox 894 2645 1026 2698; x_wconf 76' lang='lat' dir='ltr'><strong>arcum</strong></span> <span class='ocrx_word' id='word_1_149' title='bbox 1041 2623 1153 2692; x_wconf 88' lang='lat' dir='ltr'><strong>tertio</strong></span> <span class='ocrx_word' id='word_1_150' title='bbox 1170 2646 1225 2690; x_wconf 88' lang='lat' dir='ltr'><strong>va-</strong></span> 
     </span>
     <span class='ocr_line' id='line_1_25' title="bbox 264 2719 1226 2814; baseline 0.001 -25"><span class='ocrx_word' id='word_1_151' title='bbox 264 2719 445 2790; x_wconf 88' lang='lat' dir='ltr'><strong>lidissime</strong></span> <span class='ocrx_word' id='word_1_152' title='bbox 471 2723 668 2808; x_wconf 68' lang='lat' dir='ltr'><strong>tendebat,</strong></span> <span class='ocrx_word' id='word_1_153' title='bbox 710 2747 784 2814; x_wconf 89' lang='lat' dir='ltr'><strong>quo</strong></span> <span class='ocrx_word' id='word_1_154' title='bbox 811 2723 892 2796; x_wconf 82' lang='lat' dir='ltr'><strong>ictu</strong></span> <span class='ocrx_word' id='word_1_155' title='bbox 907 2745 1023 2800; x_wconf 72' lang='lat' dir='ltr'><strong>aruns</strong></span> <span class='ocrx_word' id='word_1_156' title='bbox 1049 2721 1226 2795; x_wconf 82' lang='lat' dir='ltr'><strong>dissiliens</strong></span> 
     </span>
     <span class='ocr_line' id='line_1_26' title="bbox 251 2822 1226 2916; baseline 0.009 -26"><span class='ocrx_word' id='word_1_157' title='bbox 251 2822 340 2905; x_wconf 82' lang='lat' dir='ltr'><strong>¹alte</strong></span> <span class='ocrx_word' id='word_1_158' title='bbox 360 2823 518 2912; x_wconf 81' lang='lat' dir='ltr'><strong>crepuit.</strong></span> <span class='ocrx_word' id='word_1_159' title='bbox 580 2829 682 2896; x_wconf 88' lang='lat' dir='ltr'><strong>Tum</strong></span> <span class='ocrx_word' id='word_1_160' title='bbox 700 2847 769 2904; x_wconf 81' lang='lat' dir='ltr'><strong>rex</strong></span> <span class='ocrx_word' id='word_1_161' title='bbox 794 2824 963 2911; x_wconf 78' lang='lat' dir='ltr'><strong>Olavns,</strong></span> <span class='ocrx_word' id='word_1_162' title='bbox 978 2823 1226 2916; x_wconf 57' lang='lat' dir='ltr'><strong>quidum-⁵0·</strong></span> 
     </span>
     <span class='ocr_line' id='line_1_27' title="bbox 265 2922 1227 3013; baseline -0.003 -21"><span class='ocrx_word' id='word_1_163' title='bbox 265 2943 358 2994; x_wconf 82' lang='lat' dir='ltr'><strong>nore</strong></span> <span class='ocrx_word' id='word_1_164' title='bbox 382 2922 552 3012; x_wconf 83' lang='lat' dir='ltr'><strong>crepuit?</strong></span> <span class='ocrx_word' id='word_1_165' title='bbox 616 2925 728 2997; x_wconf 82' lang='lat' dir='ltr'><strong>Einar</strong></span> <span class='ocrx_word' id='word_1_166' title='bbox 752 2923 963 3013; x_wconf 80' lang='lat' dir='ltr'><strong>respondit:</strong></span> <span class='ocrx_word' id='word_1_167' title='bbox 1003 2939 1177 3010; x_wconf 69' lang='lat' dir='ltr'><strong>excussa,</strong></span> <span class='ocrx_word' id='word_1_168' title='bbox 1210 2945 1227 2989; x_wconf 90' lang='lat' dir='ltr'>o</span> 
     </span>
     <span class='ocr_line' id='line_1_28' title="bbox 264 3021 1229 3116; baseline -0.002 -26"><span class='ocrx_word' id='word_1_169' title='bbox 264 3021 352 3090; x_wconf 80' lang='lat' dir='ltr'><strong>rex!</strong></span> <span class='ocrx_word' id='word_1_170' title='bbox 373 3043 408 3092; x_wconf 68' lang='lat' dir='ltr'><strong>&#39;e</strong></span> <span class='ocrx_word' id='word_1_171' title='bbox 424 3045 544 3100; x_wconf 84' lang='lat' dir='ltr'><strong>manu</strong></span> <span class='ocrx_word' id='word_1_172' title='bbox 559 3037 626 3091; x_wconf 85' lang='lat' dir='ltr'><strong>tua</strong></span> <span class='ocrx_word' id='word_1_173' title='bbox 639 3025 841 3116; x_wconf 67' lang='lat' dir='ltr'><strong>norvegia</strong></span> <span class='ocrx_word' id='word_1_174' title='bbox 887 3023 1169 3098; x_wconf 50' lang='lat' dir='ltr'><strong>‘Hand-tantum</strong></span> <span class='ocrx_word' id='word_1_175' title='bbox 1186 3021 1229 3090; x_wconf 86' lang='lat' dir='ltr'><strong>el-</strong></span> 
     </span>
     <span class='ocr_line' id='line_1_29' title="bbox 252 3121 1231 3217; baseline -0.001 -29"><span class='ocrx_word' id='word_1_176' title='bbox 252 3123 409 3190; x_wconf 68' lang='lat' dir='ltr'><strong>dentum</strong></span> <span class='ocrx_word' id='word_1_177' title='bbox 421 3122 552 3217; x_wconf 66' lang='lat' dir='ltr'><strong>fragor</strong></span> <span class='ocrx_word' id='word_1_178' title='bbox 566 3125 636 3192; x_wconf 83' lang='lat' dir='ltr'><strong>iste</strong></span> <span class='ocrx_word' id='word_1_179' title='bbox 651 3123 813 3212; x_wconf 78' lang='lat' dir='ltr'><strong>dederit,</strong></span> <span class='ocrx_word' id='word_1_180' title='bbox 834 3124 894 3194; x_wconf 81' lang='lat' dir='ltr'><strong>ait</strong></span> <span class='ocrx_word' id='word_1_181' title='bbox 907 3145 995 3214; x_wconf 80' lang='lat' dir='ltr'><strong>rex,</strong></span> <span class='ocrx_word' id='word_1_182' title='bbox 1020 3124 1112 3192; x_wconf 76' lang='lat' dir='ltr'><strong>&#39;deus</strong></span> <span class='ocrx_word' id='word_1_183' title='bbox 1135 3121 1231 3189; x_wconf 86' lang='lat' dir='ltr'><strong>enim</strong></span> 
     </span>
     <span class='ocr_line' id='line_1_30' title="bbox 265 3221 1231 3314; baseline -0.004 -24"><span class='ocrx_word' id='word_1_184' title='bbox 265 3221 341 3290; x_wconf 73' lang='lat' dir='ltr'><strong>iata</strong></span> <span class='ocrx_word' id='word_1_185' title='bbox 353 3223 631 3314; x_wconf 81' lang='lat' dir='ltr'><strong>regetimperii</strong></span> <span class='ocrx_word' id='word_1_186' title='bbox 650 3227 743 3313; x_wconf 79' lang='lat' dir='ltr'><strong>mei,</strong></span> <span class='ocrx_word' id='word_1_187' title='bbox 763 3245 842 3292; x_wconf 82' lang='lat' dir='ltr'><strong>non</strong></span> <span class='ocrx_word' id='word_1_188' title='bbox 862 3245 977 3294; x_wconf 79' lang='lat' dir='ltr'><strong>arcus</strong></span> <span class='ocrx_word' id='word_1_189' title='bbox 998 3237 1108 3306; x_wconf 73' lang='lat' dir='ltr'><strong>tuus,</strong></span> <span class='ocrx_word' id='word_1_190' title='bbox 1133 3243 1231 3290; x_wconf 85' lang='lat' dir='ltr'><strong>nunc</strong></span> 
     </span>
     <span class='ocr_line' id='line_1_31' title="bbox 267 3315 1232 3414; baseline -0.001 -25"><span class='ocrx_word' id='word_1_191' title='bbox 267 3322 395 3412; x_wconf 83' lang='lat' dir='ltr'><strong>accipe</strong></span> <span class='ocrx_word' id='word_1_192' title='bbox 414 3315 543 3392; x_wconf 71' lang='lat' dir='ltr'><strong>arcum</strong></span> <span class='ocrx_word' id='word_1_193' title='bbox 558 3335 703 3414; x_wconf 82' lang='lat' dir='ltr'><strong>meum,</strong></span> <span class='ocrx_word' id='word_1_194' title='bbox 728 3339 992 3440; x_wconf 78' lang='lat' dir='ltr'><strong>aequentere.</strong></span> <span class='ocrx_word' id='word_1_195' title='bbox 1041 3325 1152 3400; x_wconf 79' lang='lat' dir='ltr'><strong>‘Turn</strong></span> <span class='ocrx_word' id='word_1_196' title='bbox 1174 3343 1232 3389; x_wconf 85' lang='lat' dir='ltr'><strong>rex</strong></span> 
     </span>
     <span class='ocr_line' id='line_1_32' title="bbox 265 3421 1233 3504; baseline -0.002 -14"><span class='ocrx_word' id='word_1_197' title='bbox 265 3433 396 3490; x_wconf 78' lang='lat' dir='ltr'><strong>arcum</strong></span> <span class='ocrx_word' id='word_1_198' title='bbox 412 3421 457 3490; x_wconf 86' lang='lat' dir='ltr'><strong>ad</strong></span> <span class='ocrx_word' id='word_1_199' title='bbox 473 3439 566 3493; x_wconf 87' lang='lat' dir='ltr'><strong>eum</strong></span> <span class='ocrx_word' id='word_1_200' title='bbox 587 3425 818 3494; x_wconf 81' lang='lat' dir='ltr'><strong>transmittit.</strong></span> <span class='ocrx_word' id='word_1_201' title='bbox 862 3422 983 3504; x_wconf 86' lang='lat' dir='ltr'><strong>Einar</strong></span> <span class='ocrx_word' id='word_1_202' title='bbox 1004 3446 1135 3490; x_wconf 89' lang='lat' dir='ltr'><strong>arcum</strong></span> <span class='ocrx_word' id='word_1_203' title='bbox 1150 3422 1233 3489; x_wconf 81' lang='lat' dir='ltr'><strong>arri·</strong></span> 
     </span>
     <span class='ocr_line' id='line_1_33' title="bbox 251 3521 1234 3641; baseline -0.008 -47"><span class='ocrx_word' id='word_1_204' title='bbox 251 3521 352 3620; x_wconf 9' lang='lat' dir='ltr'><strong>&#39;‘puit</strong></span> <span class='ocrx_word' id='word_1_205' title='bbox 369 3533 406 3588; x_wconf 90' lang='lat' dir='ltr'><strong>et</strong></span> <span class='ocrx_word' id='word_1_206' title='bbox 424 3522 601 3596; x_wconf 79' lang='lat' dir='ltr'><strong>continuo</strong></span> <span class='ocrx_word' id='word_1_207' title='bbox 617 3523 811 3641; x_wconf 79' lang='lat' dir='ltr'><strong>cuspidem</strong></span> <span class='ocrx_word' id='word_1_208' title='bbox 835 3525 977 3638; x_wconf 79' lang='lat' dir='ltr'><strong>sagittae</strong></span> <span class='ocrx_word' id='word_1_209' title='bbox 1001 3523 1100 3592; x_wconf 85' lang='lat' dir='ltr'><strong>intra</strong></span> <span class='ocrx_word' id='word_1_210' title='bbox 1121 3543 1234 3590; x_wconf 88' lang='lat' dir='ltr'><strong>cornu</strong></span> 
     </span>
     <span class='ocr_line' id='line_1_34' title="bbox 252 3599 1234 3720; baseline -0.004 -28"><span class='ocrx_word' id='word_1_211' title='bbox 252 3615 441 3720; x_wconf 65' lang='lat' dir='ltr'><strong>&#39;.retraxit,</strong></span> <span class='ocrx_word' id='word_1_212' title='bbox 476 3618 619 3696; x_wconf 88' lang='lat' dir='ltr'><strong>dicens:</strong></span> <span class='ocrx_word' id='word_1_213' title='bbox 652 3627 764 3695; x_wconf 81' lang='lat' dir='ltr'><strong>nimis</strong></span> <span class='ocrx_word' id='word_1_214' title='bbox 786 3619 898 3704; x_wconf 85' lang='lat' dir='ltr'><strong>debil&#39;</strong></span> <span class='ocrx_word' id='word_1_215' title='bbox 861 3622 943 3710; x_wconf 83' lang='grc'>1111,</span> <span class='ocrx_word' id='word_1_216' title='bbox 968 3624 1081 3706; x_wconf 80' lang='lat' dir='ltr'><strong>nimis</strong></span> <span class='ocrx_word' id='word_1_217' title='bbox 1106 3599 1234 3689; x_wconf 86' lang='lat' dir='ltr'><strong>debilis</strong></span> 
     </span>
    </p>

    <p class='ocr_par' dir='ltr' id='par_1_5' title="bbox 256 3709 1237 3830">
     <span class='ocr_line' id='line_1_35' title="bbox 256 3709 1237 3830; baseline -0.001 -42"><span class='ocrx_word' id='word_1_218' title='bbox 256 3713 375 3795; x_wconf 33' lang='lat' dir='ltr'><strong>,arens</strong></span> <span class='ocrx_word' id='word_1_219' title='bbox 398 3725 543 3830; x_wconf 77' lang='lat' dir='ltr'><strong>regius3</strong></span> <span class='ocrx_word' id='word_1_220' title='bbox 578 3749 673 3802; x_wconf 69' lang='lat' dir='ltr'><strong>arcu</strong></span> <span class='ocrx_word' id='word_1_221' title='bbox 694 3726 831 3810; x_wconf 86' lang='lat' dir='ltr'><strong>deinde</strong></span> <span class='ocrx_word' id='word_1_222' title='bbox 860 3729 1079 3814; x_wconf 82' lang='lat' dir='ltr'><strong>reject0,c</strong></span> <span class='ocrx_word' id='word_1_223' title='bbox 1061 3709 1237 3812; x_wconf 86' lang='lat' dir='ltr'><strong>clypeum</strong></span> 
     </span>
    </p>
   </div>
   <div class='ocr_carea' id='block_1_5' title="bbox 264 3824 1249 3992">
    <p class='ocr_par' dir='ltr' id='par_1_6' title="bbox 264 3824 1249 3992">
     <span class='ocr_line' id='line_1_36' title="bbox 268 3824 1237 3918; baseline 0.007 -28"><span class='ocrx_word' id='word_1_224' title='bbox 268 3845 383 3896; x_wconf 81' lang='lat' dir='ltr'><strong>sunna</strong></span> <span class='ocrx_word' id='word_1_225' title='bbox 409 3837 446 3892; x_wconf 89' lang='lat' dir='ltr'><strong>et</strong></span> <span class='ocrx_word' id='word_1_226' title='bbox 470 3824 639 3915; x_wconf 82' lang='lat' dir='ltr'><strong>gladium</strong></span> <span class='ocrx_word' id='word_1_227' title='bbox 659 3827 844 3918; x_wconf 61' lang='lat' dir='ltr'><strong>arripiet,</strong></span> <span class='ocrx_word' id='word_1_228' title='bbox 866 3827 1117 3914; x_wconf 72' lang='lat' dir='ltr'><strong>masculeque</strong></span> <span class='ocrx_word' id='word_1_229' title='bbox 1151 3843 1237 3913; x_wconf 72' lang='lat' dir='ltr'><strong>pug-</strong></span> 
     </span>
     <span class='ocr_line' id='line_1_37' title="bbox 264 3919 1249 3992; baseline 0.022 -5"><span class='ocrx_word' id='word_1_230' title='bbox 264 3944 360 3992; x_wconf 68' lang='lat' dir='ltr'><strong>:nem</strong></span> <span class='ocrx_word' id='word_1_231' title='bbox 374 3919 510 3992; x_wconf 85' lang='lat' dir='ltr'><strong>ciebat.</strong></span> <span class='ocrx_word' id='word_1_232' title='bbox 1248 3929 1249 3964; x_wconf 67' lang='lat' dir='ltr'><strong>r</strong></span> 
     </span>
    </p>
   </div>
   <div class='ocr_carea' id='block_1_6' title="bbox 0 0 1293 4770">
    <p class='ocr_par' dir='ltr' id='par_1_7' title="bbox 0 0 1293 4770">
     <span class='ocr_line' id='line_1_38' title="bbox 0 0 1293 4770; baseline 0 0"><span class='ocrx_word' id='word_1_233' title='bbox 0 0 1293 4770; x_wconf 95' lang='lat' dir='ltr'><strong> </strong></span> 
     </span>
    </p>
   </div>
  </div>
 </body>
</html>
