2508 4766
8 279 11 286 ·
56 263 163 334 aaa¹
409 245 675 301 *³¹-
873 246 959 344 185

1 471 3 478 ’
55 494 209 552 manum
226 471 510 566 superaremihi
528 473 694 564 ridetur,
719 476 1023 572 quam'gloriosu's

56 581 210 668 sitille',
244 576 306 646 cui
328 577 422 644 tales
441 575 595 666 'tamque
616 577 746 644 eximii
770 581 895 672 angeli
912 582 1023 651 mini-¹

57 695 184 750 strent.
239 669 539 768 Thangbr'andu's
558 677 773 766 respondet:
802 693 901 748 certe
921 701 1024 750 sanc-¹
1079 731 1082 742 .

55 794 118 850 tus
144 779 350 872 spirituste
372 775 565 844 ethnicum
585 775 779 844 hominem
797 779 864 847 tali
886 779 1024 850 intelli

57 881 185 974 gentia
200 876 352 948 imbuit.
406 874 503 942 Cum
519 899 607 945 vero
628 875 896 967 paterfamilias
912 895 950 948 et
963 881 1025 950 do-¹

56 979 206 1050 mestici
221 988 377 1066 vespere
394 975 683 1064 discubuissent,
710 979 844 1046 Hallus
861 979 906 1048 ad
922 1001 1025 1050 suast·

57 1075 360 1172 Thangbrandus
387 1089 425 1143 et
449 1076 540 1144 socii
564 1076 643 1162 ejus
664 1077 760 1146 hanc
790 1077 912 1167 diem,
941 1080 1026 1170 quai
1077 1097 1079 1108 ²

58 1178 302 1265 crasveniet,
327 1176 534 1246 solemnem
552 1189 684 1268 agent,
707 1176 748 1246 in
761 1177 946 1248 honorem
960 1179 1026 1248 uni

58 1277 216 1349 deorum
228 1296 401 1359 suorum5
427 1299 529 1346 nunc
544 1278 647 1346 robis
663 1278 894 1347 vacationem
913 1278 1028 1368 facio,
1076 1313 1080 1332 ι

57 1391 102 1447 ut
117 1379 219 1448 hanc
232 1377 331 1445 diem
347 1373 482 1444 festam
499 1377 617 1468 agatis
633 1399 796 1446 unacum
810 1379 906 1463 illis3
929 1377 1028 1448 facta

59 1487 216 1570 quoque
227 1475 334 1546 nobis
354 1489 409 1545 est
433 1475 540 1566 copia
557 1475 776 1566 accedendi,
801 1477 1044 1572 videndique¹
1080 1491 1081 1496 ’

58 1593 97 1647 et
122 1575 300 1650 audiendi
322 1575 437 1662 hujus
462 1575 653 1668 religionis
678 1576 783 1645 ritus.
836 1583 950 1650 Mane
973 1601 1029 1648 se·

57 1689 201 1770 quante
217 1675 370 1763 Hallus,
397 1698 485 1746 cum
498 1697 537 1744 se
550 1677 715 1745 vestibus
731 1677 925 1765 induerat,
942 1692 1028 1748 ten⁴

56 1779 205 1848 terium
220 1774 332 1864 adiit,
366 1787 404 1842 et
423 1798 512 1846 cum
529 1776 703 1844 omnibus
722 1775 935 1846 domesticis
952 1776 1044 1848 suis.

58 1883 164 1948 extra
182 1875 308 1960 stetit,
344 1873 410 1968 qui
431 1897 520 1944 cum
535 1875 708 1946 audirent
727 1877 890 1946 sonitum
905 1879 1031 1950 sistro-

58 2001 165 2066 rum,
190 1975 368 2046 audirent
388 1989 427 2044 et
442 1975 571 2048 dulces
588 1977 821 2048 cantantium
830 1977 1031 2048 hominum

57 2101 186 2166 voces,
209 2097 407 2167 nunquam
418 2075 523 2166 prius
540 2076 612 2147 sibi
626 2075 773 2166 audita,
799 2099 934 2172 magna
945 2099 1052 2168 cap-v

56 2180 88 2248 ti
108 2191 198 2248 sunt
216 2175 480 2264 admiratione,
511 2175 646 2262 majori
668 2197 755 2245 vero
777 2177 926 2266 etiarn,¹
943 2199 1032 2245 eum

59 2279 162 2348 inter
187 2276 339 2346 missam
360 2275 562 2346 canendam
589 2275 753 2366 clericos
767 2276 939 2346 viderent
956 2276 1032 2345 exi·

58 2379 138 2448 mio
161 2378 270 2446 cultu
293 2388 465 2464 ornatos,
492 2375 738 2468 c'andelasque
756 2377 863 2445 claris
878 2375 1033 2448 lumini-

57 2479 130 2548 bus
142 2478 330 2566 lucentes,
345 2475 675 2567 dulcissimumque
692 2474 1034 2546 animadverterent

57 2577 181 2648 thuris
201 2577 365 2646 odorem.
429 2577 563 2646 Hallus
583 2577 742 2646 domum
765 2575 936 2666 veniens,
967 2575 1037 2645 do-v

57 2677 235 2750 mastices
252 2676 433 2768 quaesivit,-
460 2678 587 2766 quales
602 2677 690 2768 ipsis
707 2676 803 2747 ritus
812 2676 1034 2748 christiano·
1052 2766 1056 2774 Ι

57 2799 148 2847 rum
168 2776 369 2846 hominurn
389 2775 628 2845 viderentur?
680 2777 938 2868 Respondent,
972 2776 1036 2847 ad·

57 2877 218 2948 modum
227 2887 371 2948 tersum
387 2889 424 2944 et
439 2875 696 2966 pulcrumsibi
708 2876 838 2965 videri,
854 2877 1036 2968 quicquid

58 2979 157 3048 ritus
183 2999 317 3046 eorum
341 2989 380 3044 et
396 2979 520 3044 cultus
544 2975 659 3044 divini
675 2975 1033 3046 animadvertissent.

58 3077 362 3169 Thangbrandus
385 3076 582 3168 presbyter
604 3075 755 3146 assiduis
772 3075 1037 3146 admonitioni-

57 3178 131 3248 bus
155 3177 315 3248 Helium
333 3175 518 3246 hortatus
553 3190 629 3264 est,
667 3189 711 3244 ut
743 3177 790 3244 ad
810 3199 932 3245 mores
948 3175 1036 3244 reli-

55 3277 186 3372 gionis
209 3275 417 3346 christianae
443 3299 481 3344 se
507 3289 753 3346 converteret.
815 3277 950 3348 Helius
971 3275 1040 3345 ali·

59 3377 213 3470 quando
227 3377 550 3468 Thangbrandum
558 3379 762 3447 allocutus:
777 3379 829 3447 ita
842 3401 900 3447 res
909 3377 1036 3466 habet,

58 3490 107 3546 ut
121 3477 208 3546 heic
227 3475 329 3544 domi
350 3499 444 3544 meae
463 3476 544 3544 duae
563 3479 638 3546 sint
652 3479 806 3564 vetulae,
847 3491 954 3547 aetate
975 3475 1038 3546 ad·

56 3577 222 3648 modurn
236 3590 440 3666 provecta,
475 3577 579 3646 senio
599 3577 690 3645 adeo
707 3578 845 3646 debiles
867 3591 904 3644 et
917 3567 1038 3646 imbe-

58 3678 184 3764 cillae,
219 3690 263 3744 ut
278 3677 423 3744 lectum
438 3696 636 3766 nunquam
651 3677 886 3767 relinquant,
912 3700 1037 3767 neque

59 3801 103 3846 se
115 3777 208 3866 ipsae
229 3798 380 3845 movere
397 3775 564 3860 valeant3
590 3775 667 3862 jam
684 3789 722 3844 te
738 3777 1038 3863 jubebovetulas

52 3878 280 3968 'baptizarer
308 3889 346 3944 et
369 3875 504 3966 sipost
527 3875 758 3966 baptismum
785 3891 910 3948 motus
923 3879 1038 3970 paulo

55 3977 212 4048 facilior
231 3990 299 4047 aut
322 3977 556 4068 aliquantula
584 3975 776 4068 languoris
799 3978 935 4046 levatio
961 3977 1040 4046 illis

58 4077 278 4172 contingat,
312 4099 436 4170 neque
455 4075 565 4168 pejus
587 4099 627 4146 se
647 4077 811 4148 habeant
833 4090 936 4148 tanta
957 4099 1040 4146 mo-
