2502 4774
301 277 388 371 150
593 295 861 338 ''¹¹¹¹''-
1022 301 1194 368 usu

238 511 324 580 culo
349 507 447 577 collo
466 503 628 594 iniecto,
668 519 755 597 post
774 529 815 575 se
835 503 885 574 sd
907 504 1015 574 littus
1037 517 1190 574 uectum

238 609 383 700 scaphae
407 607 606 696 imposuit,
639 621 752 697 atque
769 606 822 673 sic
844 627 883 673 se
900 606 946 673 ad
964 625 1091 698 regem
1108 607 1188 674 Ola-

236 731 327 776 vum
351 706 528 794 contulit,
562 721 606 774 ut
629 707 797 778 Thorem
812 729 834 774 e
850 707 1022 774 navicula
1038 705 1189 790 ejectum

235 807 442 878 identidem
456 806 561 895 aquis
573 805 854 899 submergeret,
876 805 1108 895 subindeque
1114 829 1189 872 ver-

236 908 390 975 boribus
416 907 610 976 mulceret
684 907 797 1000 Quod
825 905 954 974 videns
985 927 1072 992 rex,
1106 927 1188 971 cum

237 1007 366 1078 Thore
380 1005 505 1073 minus
521 1005 727 1078 honorifice
745 1007 826 1099 egi,
848 1017 1080 1076 testatusest.
1111 1005 1187 1072 Fin-

233 1127 308 1175 nus
326 1105 543 1194 respondet:
570 1107 659 1174 binc
671 1121 837 1198 apparet,
849 1129 937 1172 enm
948 1105 1015 1172 din
1031 1103 1122 1174 mihi
1135 1103 1187 1170 in·

235 1206 357 1274 visum
380 1205 515 1289 l'uisse3
538 1207 688 1296 jamque
710 1206 817 1296 pejus
833 1219 872 1274 et
887 1205 1036 1298 dignius
1048 1225 1130 1272 cum
1146 1225 1186 1270 eo

235 1321 378 1397 agetur.
438 1309 540 1377 Tum
555 1306 727 1377 Thorern
749 1307 791 1374 in
804 1306 990 1374 scindulas
1006 1303 1188 1388 diffissum,

232 1407 391 1498 ignique
406 1404 601 1493 injectum,
621 1407 663 1474 in
676 1406 821 1474 cineres
830 1405 1049 1487 combussitr
1064 1402 1187 1471 deinde

235 1505 422 1594 liquorem
438 1505 622 1595 quendam
641 1505 874 1593 conciliavit,
912 1506 974 1572 cui
987 1504 1125 1573 cineres
1137 1503 1189 1573 in-

234 1605 343 1692 jecit,
377 1607 600 1695 pultemque
623 1605 807 1693 confecit,
842 1627 956 1696 quam
980 1605 1126 1672 canibus
1139 1601 1187 1668 fe-

235 1704 349 1772 minis
362 1705 480 1793 dedit,
507 1705 564 1774 his
580 1725 667 1774 usus
681 1705 819 1774 verbis:
845 1705 978 1798 dignus
1002 1715 1057 1772 est
1078 1703 1186 1787 Thor,

235 1825 350 1894 quem
367 1825 476 1874 cenes
493 1805 621 1892 edant,
647 1819 692 1872 ut
705 1806 784 1895 ipse
796 1805 892 1874 filios
909 1827 994 1874 suos
1013 1804 1061 1894 ¹).
1111 1803 1187 1872 Fin-

231 1925 305 1972 nus
317 1903 356 1972 in
372 1905 491 1972 aulico
508 1925 666 1972 munero
683 1919 858 1995 receptus
872 1919 945 1992 est,
971 1903 1189 1997 regiqueco-

234 2023 314 2070 mes
338 2000 503 2074 adhaesit.
563 2003 690 2074 Sicubi
710 2027 800 2074 vero
821 2027 887 2074 rex
904 2027 1031 2072 veram
1045 2002 1186 2096 religio-

228 2123 323 2168 mem
342 2103 511 2190 jubebit,
544 2103 683 2173 Finnus
705 2125 744 2172 se
764 2106 855 2174 adeo
871 2105 1133 2174 vehementem
1154 2113 1188 2168 et
1241 2183 1242 2190 ἵ

230 2200 418 2270 furiosum
434 2202 613 2292 proebuit,
641 2218 685 2272 nt
698 2227 757 2272 res
766 2206 813 2273 od
826 2227 985 2295 praesens
998 2203 1188 2272 discrimen

234 2316 437 2390 spectaret,
461 2303 493 2371 si
509 2302 592 2394 quis
607 2303 642 2371 ei
651 2325 797 2374 morem
806 2325 937 2397 gerere
955 2305 1084 2372 nollet.
1106 2303 1188 2372 sin-

227 2421 304 2470 nus
318 2415 398 2470 erat
412 2404 508 2470 bene
526 2417 712 2491 moratus,
740 2403 897 2496 diligens
911 2403 1101 2496 religionis
1117 2402 1188 2470 cul·
1240 2469 1241 2474 ,

225 2514 309 2588 tor,
338 2515 375 2570 et
389 2522 518 2594 regem
533 2523 614 2569 rem
628 2503 791 2572 divinam
811 2505 1088 2572 celebraturum
1101 2523 1188 2570 sem·

230 2618 300 2689 por
324 2602 520 2672 comitatus
545 2615 610 2668 est
664 2607 781 2674 Mane
800 2604 965 2694 quodam
979 2605 1186 2672 Finnusne·

233 2721 308 2787 quo
331 2702 461 2768 cantui
486 2700 671 2770 matutino
695 2725 817 2792 neque
847 2703 964 2770 missae
998 2703 1187 2782 intereram

231 2799 312 2888 regi
327 2819 472 2868 oausam
484 2801 688 2890 qnaerenti,
714 2823 781 2873 cur
791 2823 863 2891 pro
874 2825 980 2870 more
995 2801 1104 2870 solito
1114 2823 1186 2868 rem
1239 2789 1240 2840 l

227 2899 396 2968 divinum
416 2921 492 2968 non
516 2901 739 2988 celebraret,
776 2902 1011 2990 dictumest,
1047 2925 1132 2970 eum
1152 2901 1186 2966 in

231 2999 331 3066 lecto
348 2999 481 3084 jacere.
533 3004 613 3072 Rex
630 3023 718 3070 eum
733 3001 928 3089 accedens,
957 3002 1132 3092 quaesivit,
1146 3021 1186 3066 on

232 3119 330 3186 aeger
356 3113 461 3168 esset.
522 3099 662 3170 Firmus
688 3101 891 3168 rem·haud
912 3121 1095 3194 magnum
1116 3121 1185 3168 mo·

230 3211 403 3266 mentum
425 3199 563 3268 habere
586 3199 815 3290 significavit.
856 3205 936 3272 Rex
960 3223 1050 3268 enm
1065 3202 1184 3268 morbo

231 3301 399 3386 graviore
414 3297 750 3387 tentarisentiens,
778 3323 867 3368 eum
887 3300 1053 3368 decessui
1068 3302 1111 3368 ab
1126 3301 1186 3366 hac

231 3395 307 3464 vite
325 3399 527 3485 properari
549 3397 658 3484 fecit,
694 3399 825 3488 eique,-
859 3400 982 3489 quoad
998 3398 1185 3468 decumbe-

230 3505 290 3560 ret
309 3495 364 3586 ²),
403 3497 483 3586 ipse
506 3517 666 3586 praesens
689 3513 859 3568 amenter
883 3499 1002 3566 affuit
1056 3497 1185 3567 Firmus

178 3627 181 3638 ·
227 3591 468 3683 hocmorbo,
503 3596 574 3686 piis
591 3596 765 3684 precibus
783 3599 899 3666 deum
915 3596 1109 3688 profatus,
1134 3597 1184 3664 de
1236 3665 1237 3674 χ

230 3694 356 3776 cessit3
391 3693 430 3766 in
447 3695 552 3780 cujus
576 3709 697 3762 morte
719 3718 901 3790 magnum
923 3698 1102 3766 damnum
1122 3695 1184 3764 fac·

228 3805 312 3860 turn
328 3815 424 3884 esse,
450 3818 517 3864 rex
538 3795 871 3881 Olavusjudicavit.

230 3945 494 3966 Μ

232 4018 258 4088 1)
273 4019 433 4090 Notandum,
461 4025 504 4076 bic
519 4028 634 4079 Thorem
652 4047 711 4080 cnm
730 4029 838 4081 Saturno
857 4029 1021 4098 comparari}
1047 4030 1111 4081 olias
1134 4044 1183 4078 cnm

267 4113 339 4164 loro.
383 4113 410 4180 ²)
425 4121 538 4186 vireret,
558 4117 589 4172 G.
