2502 4774
76 235 167 322 rtet?
414 237 679 310 .‘.⁴·-'·-.....-....
875 217 961 316 131·

73 451 201 534 lacilius
218 448 287 524 'nos
303 441 435 526 fallere
451 439 625 546 et³sopire
640 439 786 546 posset,
806 454 958 546 'quando
971 451 1023 526 ‘vl-

74 555 176 645 gilare
194 551 460 645 debueramus,
483 557 523 625 id
543 555 643 648 quod
659 555 732 624 hoc
747 565 857 623 mane
873 555 927 647 (ln
942 577 1022 626 ora-

73 659 161 720 tione
179 658 280 748 mea')
295 656 418 749 attigi.
476 661 568 728 Haec
585 677 736 750 quoque
757 675 816 722 res
834 653 945 751 digne
963 677 1021 724 ce-

75 751 166 839 ridit,
189 774 259 842 pro
277 759 460 848 potestate
482 771 520 826 et
531 757 723 826 voluntate
744 753 935 823 celsissimi
951 779 1022 823 coe-

73 851 182 920 lorum
194 859 326 948 regis,
342 858 443 947 quod
458 858 540 948 ipse
552 879 640 926 cum
659 857 759 924 dulci
776 875 841 923 suo
852 853 941 944 filio,
960 857 1025 924 do-

72 951 161 1022 mino
175 971 302 1026 nostro
317 962 336 1027 J
339 974 404 1026 esu
418 957 584 1046 Christe,
621 957 685 1048 qui
699 955 768 1024 hac
783 955 944 1048 gloriosa
962 956 1022 1046 die

73 1069 194 1142 corpus
205 1074 323 1126 suum·
333 1058 374 1126 in
380 1058 499 1127 vitam
513 1058 698 1127 revocavit
715 1067 753 1125 et
767 1077 787 1122 a
801 1067 922 1124 morte
943 1078 1022 1124 sur-

72 1154 173 1239 rexit,
208 1169 248 1222 et
263 1173 352 1226 cum
368 1177 434 1226 suo
457 1171 582 1227 sancto
602 1157 735 1248 spiritu
747 1174 844 1224 unus
866 1155 956 1224 deus
982 1155 1023 1226 in

73 1251 244 1343 trinitate,
265 1279 330 1325 »ex
350 1256 430 1348 his,
457 1273 502 1326 ut
521 1259 694 1326 omnibus
710 1256 810 1344 aliis,
836 1255 1023 1326 honorem

74 1363 105 1418 et
114 1353 313 1427 victoriam
328 1359 548 1450 reportavit,
573 1357 749 1426 inimicus
764 1377 851 1426 vero
865 1353 1023 1424 ludibri-

71 1453 444 1547 umetignomiriiam.
503 1459 688 1552 Quoniam
702 1473 791 1524 vero
803 1453 1021 1548 ,Eyrindel

73 1568 293 1664 compertum
307 1559 433 1647 habes,
459 1571 565 1627 tuam
582 1555 1022 1648 'superstitionemetma-
1120 1571 1122 1576 “

72 1651 167 1742 giren
189 1651 272 1724 aliis
297 1658 352 1726 nil
380 1659 453 1728 nisi
473 1657 616 1727 malum
640 1657 805 1744 efficere,
831 1668 875 1724 tu
889 1655 1022 1747 tuique

71 1749 330 1824 commilitones
354 1745 526 1852 voletis,
536 1757 665 1846 dred0,
692 1756 774 1825 abl
777 1775 874 1850 ongo
896 1778 1021 1840 errore

71 1851 248 1924 desistere
258 1872 371 1948 atque
391 1876 492 1928 nunc
515 1855 702 1926 tandem
693 1879 734 1926 m
756 1874 888 1926 verum
909 1843 1024 1925 deum

70 1953 217 2024 eredere.
270 1959 378 2052 Quod
389 1975 476 2028 cum
494 1957 683 2050 Eyvindus
700 1955 865 2048 sociique
879 1951 1024 2025 surfac

68 2065 161 2120 turos
175 2074 213 2124 sa
226 2059 419 2146 praefracte
437 2071 640 2151 negarent,
667 2075 733 2124 rex
750 2079 812 2124 eos
836 2077 964 2125 omnes
984 2055 1025 2124 in

68 2153 369 2246 aedemquandam
381 2159 658 2244 includiiussitp
683 2166 836 2246 postero
847 2178 940 2224 vero
951 2155 1023 2244 die,

66 2253 161 2336 jussu
183 2259 302 2350 regis,
330 2259 418 2327 caeci
440 2273 478 2326 et
494 2257 610 2327 vincti
636 2257 676 2324 in
695 2256 892 2346 scopulum
909 2275 1025 2344 quen-

67 2353 161 2443 dam,
198 2359 263 2447 qui
291 2378 443 2452 accessu
466 2371 576 2427 aestus
602 2354 738 2424 marini
761 2353 1023 2442 inundabatur,

66 2452 187 2522 insulae
201 2459 390 2548 ricinum,
418 2457 613 2574 deportati
620 2469 725 2541 sunt,
751 2457 818 2525 ubi
835 2454 1024 2549 Eyvindus
1126 2493 1128 2498 .

66 2555 189 2644 suique
207 2580 337 2626 omnes
349 2560 518 2648 periere,
552 2579 617 2649 qur
606 2557 736 2626 locus
751 2553 885 2625 exinde
904 2553 1025 2624 dic-tus

67 2667 115 2720 est
127 2657 358 2727 Skrattusker
372 2661 564 2752 (scopulus
581 2656 821 2760 daemonum).
848 2659 928 2728 Rex
938 2656 1027 2726 ola

64 2755 123 2822 vus
142 2759 392 2848 septimanam
415 2759 631 2850 paschalem
652 2747 895 2850 Ogvaldsnesi
919 2754 1024 2846 sedit,

66 2875 216 2946 cumque
227 2859 303 2926 dies
313 2878 475 2928 maxime
483 2861 667 2930 solemnes
679 2854 871 2944 exiissent,
880 2869 1027 2924 utrum·

64 2978 130 3044 que
140 2961 342 3047 tumulum,
362 2959 480 3050 quiin
493 2953 750 3052 promontorio
770 2969 860 3044 erat,
877 2953 1027 3048 effringi
1139 2959 1141 2968 '

62 3055 182 3142 jussit3
224 3073 336 3150 atque
357 3071 506 3151 reperta
532 3069 619 3127 sunt
642 3054 683 3125 in
705 3056 854 3124 tumulo
885 3057 1027 3140 majore

64 3159 321 3273 ossalrumana,
331 3160 499 3254 grandia,
513 3156 707 3228 vetustatis
719 3155 884 3246 speciem
894 3153 1028 3244 praefe·

62 3260 189 3346 rentia,
211 3261 253 3327 in
266 3262 422 3332 minore
426 3283 513 3329 vero
523 3281 605 3328 ossa
616 3256 768 3326 bubula.
796 3253 945 3328 Deinde
959 3275 1027 3322 rex

61 3355 211 3428 boream
229 3382 356 3430 versus
370 3362 509 3430 littora
516 3369 782 3451 praetervectus
805 3367 861 3424 est
870 3354 1028 3446 ,prima

61 3459 130 3544 jam
142 3474 279 3550 aestate,
290 3461 402 3530 lentis
410 3461 608 3529 itineribus
617 3455 882 3555 progrediens3
896 3452 1028 3524 multis

61 3559 148 3628 locis
165 3561 205 3628 in
218 3561 367 3650 praediis
386 3562 461 3630 suis
471 3558 749 3645 majoribusdiu
762 3567 1027 3643 commoratus,

60 3681 210 3752 magnas
232 3684 362 3731 secum
387 3659 670 3774 splendidasque
688 3657 811 3749 copias
825 3654 993 3724 habens.

88 3765 277 3855 &gurdus
304 3777 341 3832 et
366 3761 572 3832 Haukus'
559 3785 599 3829 tn
620 3769 852 3852 potestatem
882 3752 999 3826 Olavi

269 3909 271 3916 ·
393 3863 493 3955 regis
517 3859 682 3928 veniunt.

157 3962 245 4056 Cap.
268 3967 338 4037 199
392 3959 597 4056 Sigurdrrs
594 3954 723 4026 dictus
752 3963 807 4023 est
827 3952 907 4043 vir,
934 3951 1028 4020 alter
