2502 4774
313 260 374 360 96
599 274 866 318 ·········‘
1113 283 1213 349 raas.

251 507 398 590 septem
424 493 619 583 caderent3
651 506 723 590 ego
738 505 828 566 vero
847 513 890 565 ac
909 505 1073 588 quatuor
1084 495 1128 566 in
1148 499 1214 590 syl·

250 621 336 668 vam
351 595 606 694 confugimus,
632 597 965 667 omnesvulnerati.
1018 595 1212 671 Thorallus

252 697 357 769 letali
376 700 532 766 vnlnere
559 699 706 768 saucios
725 705 823 786 erat,
857 693 1088 790 domumque
1106 719 1128 766 a
1145 699 1212 766 suis

252 801 415 886 relatus,
441 799 727 892 Ragnhildaque
743 798 821 866 filia
842 820 909 866 sua
923 800 1100 882 reducta;
1123 799 1212 872 Tho·

252 898 387 986 ralfus,
414 921 502 967 cum
521 900 562 968 in
577 913 718 968 tractus
734 895 922 967 habitatos
936 913 1107 986 venerat,
1141 901 1212 967 vul·

252 999 406 1070 neribus
422 999 640 1090 exspiravit,
675 1019 746 1092 ego
766 1021 855 1066 vero
876 1018 919 1067 ac
933 999 1025 1068 socii
1040 995 1141 1090 apud
1155 1019 1210 1090 pa-

252 1112 352 1168 trem
376 1097 472 1167 clam
499 1100 630 1170 curati.
682 1100 805 1193 Reges
823 1094 1130 1191 Upplandenses,
1163 1099 1212 1166 in·

253 1199 362 1270 dictis
399 1217 468 1289 per
495 1197 669 1293 sagittam
693 1197 877 1288 comitiis,
932 1199 1072 1268 caedem
1100 1199 1210 1272 Thor-

252 1299 332 1389 alfi,
357 1299 525 1389 praeiecti
539 1299 615 1390 sui,
638 1299 971 1392 persequebantur,
995 1317 1133 1392 meque
1146 1299 1210 1368 exi-

251 1402 305 1471 lio
324 1401 551 1490 multarunt,
579 1401 695 1471 ceteri
708 1424 796 1470 vero
813 1413 972 1491 quatuor
989 1399 1131 1470 sodales
1145 1401 1210 1469 mei

251 1499 962 1594 multopecuniariacaedemexpiarunt.
989 1501 1113 1590 Pater,
1134 1523 1211 1570 cum

251 1623 315 1670 me
332 1599 434 1669 domi
448 1621 522 1668 suae
537 1603 639 1670 tueri
653 1601 849 1696 nequiret,
879 1603 919 1671 in
937 1613 1088 1670 antrum
1107 1602 1210 1692 quod-

252 1702 340 1770 dam
352 1723 413 1768 me
428 1701 621 1794 ablegavit,
645 1697 712 1774 ubi
727 1699 958 1794 aliquamdiu
978 1701 1079 1770 solus
1096 1702 1210 1771 taedio

252 1823 331 1869 sam
361 1800 478 1868 vitam
500 1801 617 1887 traxi,
657 1799 792 1872 deinde
814 1817 932 1872 noctu
951 1802 1100 1891 villam,
1138 1825 1209 1894 quae

252 1899 432 1974 Thoralfo
456 1899 599 1994 iuerat,
644 1903 791 1992 adiens,
825 1899 1077 1996 Ragnhildam
1099 1898 1209 1971 denuo

251 2015 399 2092 raptam
419 2001 572 2092 abstuli,
613 2003 827 2095 passimque
853 2005 973 2096 sylvas
995 2003 1209 2094 perreptasi,

252 2101 458 2172 latibulum
473 2121 660 2192 quaerens3
696 2105 850 2174 tandem
872 2105 949 2172 huc
967 2097 1120 2191 deveni,
1152 2103 1210 2170 ubi

253 2199 465 2270 octodecim
478 2203 623 2272 hiemes
640 2203 819 2293 habitavi,
847 2223 929 2296 quae
947 2217 1034 2271 aetas
1049 2215 1105 2271 est
1117 2201 1210 2276 Thu·
1245 2255 1246 2260 1

251 2301 362 2390 ride,
398 2301 483 2370 filia
497 2327 601 2373 meae.
655 2303 882 2398 Sigmundus
901 2301 1000 2372 infit:
1032 2325 1207 2372 memora-

250 2401 336 2472 bilis
352 2415 430 2490 tua,
459 2419 504 2471 ut
518 2405 738 2496 exspectavi,
761 2401 896 2473 relatio
917 2417 992 2488 θεῖς
1016 2423 1117 2472 nunc
1130 2425 1208 2470 vero
1244 2479 1245 2482 Ἴ

250 2503 324 2572 tibi
339 2501 548 2593 significare
560 2505 668 2594 volo,
694 2527 756 2574 me
774 2506 893 2597 peina,
920 2521 1035 2598 quam
1052 2525 1119 2596 par
1134 2501 1208 2590 fuit,

252 2603 515 2672 educationem
539 2619 578 2673 et
602 2603 782 2674 beneficia
807 2627 828 2674 a
854 2619 893 2674 te
914 2618 1066 2694 accepta
1088 2623 1208 2694 repen·
1243 2685 1244 2692 ἵ

252 2702 368 2784 disse;
391 2701 545 2773 filiatua
560 2703 676 2794 mihi,
702 2721 788 2775 ante
798 2705 1208 2798 quamdigressisumus,

145 2885 148 2894 ,
252 2797 489 2897 significavit,
525 2825 563 2874 se
584 2819 737 2898 partum
760 2821 870 2876 utero
886 2806 1004 2896 ferre,
1034 2805 1140 2892 cujus
1156 2827 1208 2871 me

250 2915 398 2995 patrem
422 2921 637 2998 nuncupat3
671 2929 744 2998 qua
765 2907 811 2976 de
825 2929 934 2975 causa
950 2905 1114 2973 maxime
1130 2905 1208 2972 hinc

252 3003 419 3092 discessi,
454 3007 552 3098 quod
578 3005 740 3096 nollem,
767 3007 908 3076 dissidii
921 3007 1019 3075 inter
1034 3025 1103 3074 nos
1118 3023 1208 3073 caus·

250 3126 331 3172 sam
354 3103 534 3192 existere3
572 3122 765 3200 atqueoro
787 3121 844 3196 te,
883 3105 1055 3176 alumne!
1092 3129 1140 3174 ne
1157 3101 1207 3172 cui
1241 3143 1242 3152 κ

250 3205 316 3272 alii
332 3203 430 3293 viro,
473 3229 584 3300 quam
604 3205 721 3297 mihi,
763 3229 847 3276 eam
866 3207 1086 3300 paciscaris;
1120 3205 1206 3274 banc

251 3304 373 3392 enim,
412 3327 537 3398 neque
563 3309 676 3377 aliam
701 3306 838 3397 ullam,
884 3327 1042 3378 uxorem
1072 3303 1204 3375 ducam.

250 3403 438 3475 Thorkell
456 3409 673 3498 respondet:
688 3407 782 3496 ·jam
805 3403 953 3500 pridem
977 3407 1085 3497 novi,
1118 3427 1205 3476 amo-

249 3525 331 3571 rem
345 3518 522 3574 mutuum
539 3507 638 3578 inter
650 3528 716 3576 vos
730 3507 976 3600 intercedere,
1004 3503 1205 3602 quodequi-

250 3603 338 3672 dem
360 3603 563 3698 prohibere
588 3609 714 3697 nolui,
746 3609 823 3682 lilia
845 3612 948 3679 enim
965 3629 1051 3678 mea
1071 3603 1204 3702 dignio-

249 3725 333 3772 rem
356 3705 480 3786 virum
501 3731 579 3778 non
595 3711 847 3798 nanciscetur3
881 3711 921 3781 id
949 3730 1038 3779 vero
1067 3722 1204 3778 oratum

248 3817 287 3872 te
309 3805 442 3896 velim,
473 3809 697 3904 Sigmunde!
722 3812 754 3882 si
773 3833 954 3906 prospero
977 3831 1108 3880 rerum
1136 3827 1204 3876 suc-

250 3927 357 3973 cessu
381 3907 467 3978 heic
494 3910 536 3979 in
563 3915 748 4008 Norvegia
778 3915 877 4004 apud
899 3915 999 3982 viros
1028 3909 1204 4004 principes

250 4028 339 4072 usus
355 4005 489 4098 fueris,
513 4022 556 4087 ut
570 4035 631 4080 me
648 4035 735 4082 cum
748 4012 949 4085 tribulibus
968 4015 1063 4083 meis
1079 4013 1120 4080 in
1136 4031 1203 4104 gra-

247 4107 341 4175 tiam
357 4105 528 4202 reducas,
561 4137 650 4183 narn
664 4111 817 4185 taedium
832 4139 893 4185 me
909 4107 1009 4208 cepit
1024 4113 1065 4183 ln
1081 4111 1140 4182 his
1153 4109 1202 4177 de·
