2508 4766
300 231 396 326 184·
596 253 864 320 Ε
1094 253 1197 323 trau

1232 357 1233 408 1

236 468 350 538 hoino
375 462 571 552 nonfuit,
604 461 671 532 sed
684 459 857 554 spiritus,
882 463 931 537 ab
947 457 1198 575 omnipotente
1232 455 1233 470 ¹

239 567 321 638 deo
334 565 509 657 princeps
538 563 701 634 aliorum
722 567 835 657 angel
836 587 948 634 orum
971 562 1196 648 constitutus,

238 668 374 781 quibus
391 665 439 735 id
461 657 607 758 negotii
633 663 754 753 dedit,
787 679 831 732 ut
861 680 992 734 contra
1016 661 1234 742 diabolum

238 768 395 857 ejusque
412 765 570 834 hostiles
589 763 779 834 ministros
791 743 978 852 militent,
1004 782 1234 849 omnesque

239 867 458 946 christianos
498 865 626 935 fideles
663 863 751 936 ab
740 887 982 956 impurorum
1008 861 1234 954 spirituum

238 966 360 1036 noxiis
391 965 477 1036 telis
505 978 725 1080 prptegant3
766 965 950 1038 Michaeli
973 984 1125 1056 quoque
1148 980 1195 1026 11-

240 1067 428 1159 changelo
455 1066 685 1156 praecipuaa
713 1064 782 1135 deo
802 1064 887 1136 data
896 1079 960 1138 est
984 1075 1146 1154 potestas
1162 1059 1196 1126 in

239 1165 380 1236 animas
399 1165 689 1236 christianorum
699 1164 908 1239 homiuum
918 1187 963 1234 ex
977 1164 1050 1234 hac
1066 1157 1235 1228 vitade

241 1266 474 1354 cedentium,
500 1280 543 1334 ut
560 1267 627 1336 has
643 1264 802 1354 accipiat
825 1269 924 1336 etin
944 1265 1128 1336 excelsam
1140 1258 1196 1328 Pa-

240 1365 353 1438 radisi
370 1365 537 1456 quietem
549 1364 776 1456 introducat,
800 1365 866 1436 ubi
879 1356 1196 1436 ineffabilistaetitia

242 1481 279 1534 et
292 1467 480 1556 voluptas,
506 1465 654 1580 1111101,
670 1463 828 1536 felicitas
844 1460 1196 1549 etomnimodaepro·

241 1566 427 1658 speritatis
449 1565 558 1657 copia
584 1580 656 1654 est,
696 1567 802 1636 nulla
823 1589 910 1638 vero
933 1585 1055 1649 mors,
1088 1579 1236 1648 neque

242 1667 379 1756 dolor,
392 1689 515 1757 neque
530 1667 695 1754 morbus,
720 1689 844 1757 neque
864 1663 1045 1758 agritudo
1063 1656 1196 1730 autmi-

243 1765 376 1856 seria,
398 1765 464 1838 sed
488 1765 633 1840 infinita
661 1766 760 1836 salus
789 1780 826 1836 et
849 1781 988 1837 aeterua
1013 1761 1101 1831 vita.
1148 1755 1197 1826 1111

242 1868 432 1955 homines,
460 1866 525 1958 qui
539 1888 637 1956 pura
652 1865 728 1938 vita
745 1880 782 1940 et
795 1865 940 1980 justitia
960 1857 1122 1950 creatori
1141 1878 1196 1927 suo

245 1967 495 2054 servitorum,
542 1967 765 2058 angelorum
797 1963 997 2040 ministerii
1023 1970 1198 2033 consortes

189 2125 195 2136 .
241 2067 358 2150 liunt,
386 2089 518 2134 eorum
535 2069 604 2156 pul
589 2063 996 2158 lcritudoet'spleudor
1012 2064 1237 2136 lucense
1236 2067 1237 2098 ¹

243 2166 310 2253 lis,
338 2189 471 2236 eorum
485 2164 687 2258 fragrantia
700 2189 852 2242 omnem
869 2163 1123 2248 dulcedinem,
1139 2177 1198 2235 ,eo

243 2291 329 2336 rum
345 2265 527 2353 celeritas,
550 2268 666 2336 robur
682 2280 721 2335 et
733 2267 898 2342 efficacia
917 2284 1070 2336 ornnem
1083 2260 1199 2328 huma-

244 2391 332 2438 nam
357 2367 624 2460 cogitationem
648 2381 816 2458 superat:
860 2362 1198 2440 eoruminnumera

243 2467 447 2538 multitudo
463 2465 648 2538 innovent
665 2467 813 2538 ordines
831 2465 944 2536 divisa
957 2477 1039 2551 est„¹
1052 2481 1198 2551 quorun

246 2567 404 2658 quisque
423 2567 615 2656 peculiare
636 2566 888 2636 ministerium
910 2589 933 2636 a
950 2564 1019 2634 deo
1033 2558 1199 2635 constitu·
1237 2577 1238 2586 ¹

245 2684 329 2736 turn
354 2667 487 2750 habet,
530 2665 594 2736 alii
614 2665 655 2736 in
681 2667 720 2736 id
740 2665 933 2738 constituti
953 2673 1198 2755 potestateque

245 2765 347 2836 aucti
363 2778 466 2852 sunt,
491 2778 536 2832 ut
552 2765 779 2859 impugnent
796 2773 824 2840 81
842 2765 1047 2858 profligent
1062 2779 1198 2833 omnem

246 2865 451 2939 efficaciam
467 2865 721 2958 malignorum
737 2867 960 2958 spirituum,
986 2863 1054 2955 qui
1066 2877 1199 2949 semper

244 2967 412 3035 humano
434 2965 564 3058 generi
579 2963 805 3036 insidiantur
829 2981 868 3037 et
881 2988 1018 3037 nocere
1035 2960 1198 3052 cupiuntt

245 3066 310 3135 alii
326 3066 476 3134 morbos
492 3078 530 3133 et
545 3068 644 3134 mala
657 3066 901 3158 adversasque
920 3087 980 3134 res
996 3059 1197 3135 horninibus

158 3237 163 3241 ,
246 3165 468 3253 defendunt,
492 3165 654 3234 vicissim
664 3167 1057 3258 perlectamsalutem,
1072 3180 1199 3232 omnes·

245 3289 319 3358 que
344 3267 434 3336 alias
452 3287 510 3334 res
527 3265 751 3336 necessarias
770 3281 808 3335 et
822 3258 1200 3347 11111111οά1111111111111·

245 3367 314 3435 bus
337 3365 565 3450 tribuentes,
601 3359 834 3458 alii'semper
852 3387 980 3436 coram
1005 3363 1076 3442 deo
1095 3371 1198 3437 sient:

244 3463 427 3535 universis
442 3478 570 3534 tomen
584 3488 785 3555 commune
799 3466 967 3537 studium
979 3478 1092 3553 atque
1103 3479 1199 3549 opera

246 3579 320 3653 est,
347 3565 460 3634 deum
477 3563 774 3654 omnipotentem
787 3567 1044 3640 indesinenter
1052 3561 1198 3642 laudare,

243 3667 432 3758 illumque
448 3665 648 3735 suavisonis
663 3667 815 3751 vocibus¹
837 3663 1077 3742 ineffabiliter
1097 3660 1199 3728 delec-

243 3781 347 3850 tare,
376 3763 441 3856 qui
453 3764 748 3854 pulcritudinem
769 3767 849 3854 ejus
864 3785 1012 3855 semper
1031 3761 1198 3839 admiran-

244 3879 313 3954 tes,
330 3865 467 3934 faciem
477 3865 556 3952 ejus
571 3879 755 3946 aternum
764 3865 908 3938 intueri
918 3863 1089 3956 cupiunt.
1118 3862 1196 3928 eun

244 3967 325 4036 hec
349 3965 486 4056 hisque
515 3963 653 4034 similia
677 3965 814 4036 diserto
834 3991 899 4034 ore
913 3958 1196 4055 Thangbrandus

244 4077 463 4158 perorasset,
482 4059 1198 4156 11111111,1111111111111111111111111111-
