2502 4774
35 265 143 334 nse·
383 265 654 350 τῇ*
688 277 690 282 ·
838 239 952 343 101.

34 465 132 534 haud
150 468 284 558 procul
306 476 334 536 α’
356 467 515 561 Fuereyis
537 469 727 551 abessent3
753 465 819 558 qui
840 489 927 536 vero
943 469 996 536 lo·

36 589 162 636 corum
180 581 287 658 erant
307 569 435 660 gnari,
477 591 539 636 eos
572 567 742 658 proxime
774 571 997 659 Austreyam

35 689 107 736 esse
125 665 308 736 dicebant.
363 669 591 761 Sigmundus
607 669 646 738 id
662 691 812 758 quoque
829 691 868 736 se
881 669 996 757 potis·

34 767 167 836 simum
181 768 281 837 velle
296 782 454 836 testatus
473 781 548 858 est,
582 783 625 838 ut
642 768 865 840 Thrandurn
881 769 922 838 in
930 789 995 858 po-

33 879 204 936 testatem
217 890 324 938 suam
333 868 537 961 redigeret.
564 871 682 940 Paulo
696 882 781 960 post
793 869 994 938 vehemen·
1085 937 1087 944 ,

32 967 122 1034 tiore
136 981 362 1058 tempestate
375 967 574 1038 adversum
594 970 742 1058 oborta,
774 983 866 1042 aestu
882 967 994 1056 mari·

32 1065 120 1134 timo
137 1079 175 1134 et
187 1067 226 1135 vi
242 1069 476 1158 tempestatis
487 1070 531 1138 ab
546 1069 679 1140 insulis
696 1069 850 1159 repulsi,
867 1091 994 1141 naves·

33 1189 120 1257 que,
157 1191 239 1258 quae
261 1168 455 1260 hucusque
478 1169 709 1255 conjunctim
728 1169 992 1256 iterfecerunt,

32 1266 190 1351 disjectae
205 1281 312 1352 sunt3
340 1291 521 1338 cumvero
532 1272 618 1338 satis
627 1271 774 1343 adesset
786 1269 993 1358 copiarum,

31 1366 246 1456 strenuique
264 1367 439 1462 pirinave
451 1370 648 1464 sigmundi
660 1369 900 1452 veherentur,
917 1367 994 1437 Svt-

30 1489 164 1559 neyam
180 1479 404 1559 tenuerunt,
436 1493 510 1560 quo
529 1491 617 1543 cum
634 1470 756 1558 prima
774 1470 859 1538 luce
877 1489 993 1557 appu-

30 1567 175 1656 lissent,
208 1565 255 1640 ad
272 1568 401 1638 villam
423 1569 667 1664 quadraginta
687 1567 757 1640 viri
773 1559 991 1655 escendunt,

30 1666 156 1736 decem
172 1667 325 1760 reliquis
339 1693 473 1743 navem
487 1669 799 1756 custodientibus,
827 1667 993 1736 effracto-

30 1789 98 1857 que
114 1766 309 1858 cubiculo,
332 1769 398 1838 ubi
414 1769 584 1862 Bjarnius
603 1769 829 1860 dormiebat,
867 1769 994 1859 ipsum

30 1867 341 1958 comprehensum
368 1869 542 1947 educunt.
617 1869 786 1956 Bjarnius
813 1868 992 1959 quesivit,

30 1966 107 2057 quis
123 1965 268 2040 cohorti
282 1984 459 2060 praeesset
473 1984 552 2044 tam
569 1969 709 2043 furiose
727 1968 879 2038 ruenti?
913 1969 992 2061 sig-

29 2068 185 2138 mundus
203 2091 342 2139 nomen
360 2093 472 2144 suum
487 2070 637 2140 indicat.
689 2069 860 2156 Bjarnius
873 2067 990 2136 fatur:

30 2167 100 2235 scio
123 2167 294 2260 quidem,
327 2183 365 2238 te
386 2170 543 2244 crimina
561 2171 734 2240 adversus
749 2193 810 2237 rne
830 2170 991 2237 intenta-

28 2281 171 2358 turum,
213 2270 313 2358 quod
335 2271 571 2362 congressui,
601 2271 642 2338 in
659 2293 733 2360 quo
751 2281 857 2360 pater
877 2281 914 2336 et
927 2290 991 2358 pa-

28 2381 128 2436 truus
139 2381 227 2438 tuus
239 2368 284 2438 de
302 2369 426 2442 medio
445 2369 581 2440 sublati
599 2383 706 2456 sunt,
731 2366 989 2450 interfuerim

26 2468 63 2536 in
84 2469 152 2536 hos
176 2483 319 2559 autem,
356 2469 420 2564 qui
444 2471 514 2538 tibi
534 2484 618 2538 tum
632 2467 729 2538 nihil
750 2467 823 2536 nisi
846 2467 991 2558 malum

28 2565 294 2661 exhibuerunt,
321 2570 434 2664 idque
452 2571 600 2641 consilii
622 2569 663 2638 in
678 2567 845 2642 medium
861 2579 989 2659 protu-

26 2668 165 2758 lerunt,
191 2683 236 2740 ut
248 2692 311 2740 vos
330 2671 459 2760 ambo,
485 2685 529 2740 tu
544 2693 585 2740 ac
606 2671 772 2758 Thorer,
802 2668 989 2744 ,interfice-

25 2770 177 2862 remini,
205 2793 293 2845 sane
310 2793 422 2860 quam
437 2771 597 2840 crudelis
609 2770 700 2860 eris,
720 2770 785 2860 qui
801 2768 898 2843 mihi
908 2781 990 2836 tan-

25 2881 99 2938 tam
121 2870 200 2943 viru
220 2869 378 2954 inferas3
409 2895 457 2939 an
480 2894 568 2940 vero
590 2867 813 2957 recordaris,
854 2868 988 2959 quibus

24 2983 103 3040 turn
116 2971 238 3040 verbis
254 2993 345 3041 usus
363 2971 461 3038 sim?
519 2971 746 3064 Sigmundus
769 2968 987 3058 respondet:

24 3071 136 3158 probe
157 3069 334 3159 memini,
369 3085 481 3161 atque
502 3093 602 3140 nunc
629 3069 709 3156 ejus
739 3069 796 3136 rei
821 3068 990 3156 fructum

23 3170 137 3259 feres,
162 3194 252 3240 nam
268 3170 352 3238 vitae
364 3184 438 3240 tuae
457 3170 710 3264 membrisque
724 3181 913 3259 parcetur,
929 3187 988 3232 ce·

23 3283 100 3340 tera
114 3293 204 3340 vero
223 3271 350 3340 omnia
368 3271 444 3340 rnei
461 3272 576 3342 soiius
586 3270 731 3344 arbitrii
741 3279 860 3339 sunto,
888 3265 988 3352 Bjar-

23 3371 104 3438 nius
120 3371 264 3440 amruit.
288 3372 420 3462 Itaque
435 3385 479 3440 tu
495 3395 596 3442 nunc
609 3370 735 3442 statim
750 3391 817 3438 nos
836 3365 990 3436 comita-

22 3493 76 3558 re,
98 3471 155 3542 ait
174 3471 423 3564 Sigmundus,
447 3486 562 3564 atque
578 3472 651 3539 iter
670 3469 777 3544 nobis
791 3468 839 3540 ad
860 3471 989 3538 Austr-

24 3595 131 3662 eyarn
157 3585 374 3646 monstrato.
468 3572 638 3658 Bjaruius
667 3568 889 3666 respondet,
944 3589 989 3634 eo

21 3672 125 3742 nullo
139 3672 252 3742 modo
265 3671 461 3765 pervenire
473 3671 575 3761 licet,
602 3683 714 3741 vento
729 3671 799 3742 hac
817 3666 989 3756 coelipla-

21 3792 65 3863 ga
79 3772 258 3864 spirante.
311 3779 372 3846 Tu
385 3773 512 3868 itaque
521 3774 593 3840 iter
603 3772 711 3844 nobis
730 3769 775 3840 ad
788 3767 991 3856 Skufeyam

20 3887 246 3964 monstrato,
271 3872 303 3942 si
323 3862 439 3947 Ossur
457 3872 510 3945 ibi
527 3887 592 3942 est.
646 3876 728 3945 Hoc
748 3869 826 3958 fiet,
851 3867 910 3934 uti
921 3865 988 3954 vis,

20 3971 70 4040 ait
85 3975 270 4062 Bjarnius,
296 3997 513 4064 quanquam
527 3973 568 4042 in
584 3971 825 4044 ratione-esse
836 3987 989 4056 nonpu·

20 4084 76 4161 to,
104 4099 195 4192 epm
214 4074 268 4144 ibi
282 4073 512 4144 adfuturum„
566 4065 989 4156 TraditisaBjarniovi-
1080 4073 1082 4078 “
