2528 4770
302 265 396 362 248
586 290 888 348 Ξ.
1098 285 1204 351 rosc.

237 519 307 574 nes
321 493 435 568 sobrii
451 493 586 565 etsani
605 493 765 592 erimus,
791 493 955 564 orationi
970 507 1046 566 tuae
1060 519 1205 590 respon·

239 622 325 670 sum
342 597 449 667 dabo.
508 603 673 688 Vespere
689 616 826 690 magna
842 595 917 665 fuit
936 597 1205 668 convivantium

239 699 431 784 hilaritas5
454 697 626 788 proxima
649 709 760 766 nocte
777 697 926 786 placido
943 719 1075 766 somno
1091 701 1206 788 quies·

240 799 394 882 cebant;
434 819 676 885 manavere,
703 795 770 866 ubi
798 797 972 866 homines
997 799 1102 867 sedes
1127 822 1205 867 suas

239 899 515 989 repetiverant,
541 896 758 970 Eindridius
774 891 863 968 Ulfo
881 895 991 966 dixit:
1018 899 1065 967 de
1084 922 1125 968 re
1146 913 1206 969 tua

238 997 280 1066 id
294 999 419 1070 dicere
437 997 565 1088 lubet,
592 997 694 1089 quod
708 1009 753 1064 tu
761 995 865 1085 heic,
893 998 1074 1087 quamdiu
1086 1001 1205 1068 volue-

232 1097 309 1188 -ris,
337 1098 506 1168 convivio
530 1097 786 1181 adlubeberis3
825 1119 913 1188 mea
937 1097 1066 1166 aute'in
1090 1100 1136 1168 ad
1154 1125 1204 1168 re-

238 1218 327 1292 gem
349 1198 532 1292 profectio
549 1197 761 1286 differetur,
789 1195 890 1288 quod
902 1195 1002 1267 nihil
1018 1221 1136 1268 causae
1150 1201 1203 1291 sit,

240 1322 306 1368 cur
321 1299 394 1370 hac
409 1299 491 1370 vioe
505 1321 549 1370 eo
566 1297 802 1398 proficuum
826 1297 892 1367 sed
910 1319 1029 1390 quum
1046 1299 1204 1390 primum

238 1400 483 1490 postulaverit
497 1399 718 1487 necessitas,
741 1421 830 1466 eum
848 1397 1089 1486 conveniam3
1109 1400 1204 1470 idem

239 1522 393 1590 quoque
411 1499 514 1570 dorni
524 1501 704 1587 manebo,
720 1521 854 1590 ¹neque
869 1522 1029 1589 usquam
1050 1523 1112 1568 me
1129 1507 1203 1573 sub·

240 1597 393 1688 ducam,
420 1599 452 1668 si
472 1625 534 1670 me
548 1600 746 1674 convenire
767 1599 870 1668 volet
893 1621 979 1686 retr,
1004 1597 1044 1668 id
1063 1623 1200 1692 quoque

238 1699 323 1791 regi
350 1699 555 1792 significes,
588 1699 698 1788 licet,
737 1700 835 1768 velle
854 1722 917 1768 me
940 1700 1021 1784 ejus
1046 1701 1201 1769 amicum

239 1813 338 1888 esse,
366 1801 509 1872 sibene
529 1823 682 1870 mecum
696 1812 793 1892 aget.
847 1798 911 1867 Illi
932 1799 985 1867 sic
1000 1799 1116 1869 finem
1135 1803 1200 1869 col·

238 1899 418 1988 loquendi
442 1900 632 1988 fecerunt,
666 1913 711 1966 ut
729 1919 922 1968 sermones
942 1922 1077 1968 eorum
1094 1901 1199 1970 amice

167 2057 170 2064 ,
239 1997 430 2068 cesserint.
482 1999 593 2071 Ullus
607 1997 825 2087 confestim,
852 2013 896 2068 ut
907 2013 1104 2089 paraverat
1118 2000 1199 2088 sese,

240 2121 287 2165 ex
314 2097 558 2171 sinunavem
580 2099 707 2189 duxit,
749 2111 968 2168 remanente
995 2101 1199 2185 Eindridi0;

238 2196 395 2290 regique
410 2199 601 2271 verissime
618 2200 664 2270 de
682 2199 900 2292 peractione
915 2200 1082 2269 mandati
1098 2215 1136 2269 et
1151 2225 1209 2293 re·v

239 2297 384 2388 sponsis
407 2299 594 2378 Eindridii
609 2299 793 2393 exposuit.
846 2301 928 2370 Rex
948 2299 1082 2370 Ullum
1096 2301 1199 2370 intar-

238 2398 402 2490 rogavit,
440 2399 531 2492 quid
552 2399 598 2468 de
624 2400 791 2471 moribus
814 2399 1001 2495 Eindridii
1027 2400 1198 2492 expiscari

237 2498 441 2590 potuisset,
478 2523 526 2568 an
544 2501 664 2568 cultui
681 2499 873 2576 sacrificali
889 2500 1092 2570 admodum
1111 2501 1198 2573 dedi·

237 2611 300 2666 tus
325 2598 451 2668 esset?¹
502 2599 610 2668 Ullus
632 2599 843 2689 respondit:
869 2623 993 2690 neque
1013 2619 1084 2692 ego
1100 2601 1196 2690 sensi,

239 2721 328 2766 eum
355 2699 555 2768 simulacra
579 2699 719 2787 colere,
751 2721 876 2791 neque
898 2700 996 2770 mihi
1012 2701 1198 2794 quisquam

237 2796 277 2866 id
299 2796 422 2866 dicere
451 2797 602 2890 habuit,
637 2801 788 2868 nullum
813 2799 916 2868 enim
946 2799 1146 2870 delubrum
1162 2805 1206 2872 in-

238 2893 327 2964 villa
341 2919 407 2967 sua
425 2897 550 2968 habet.
601 2897 736 2990 Itaque
751 2899 797 2970 ad
810 2899 927 2970 linem
940 2901 1097 2992 propius
1109 2925 1194 2990 sum,

237 2995 292 3065 ait
313 3019 399 3080 rex3
437 2997 518 3087 ipse
551 3021 640 3068 eum
670 3000 795 3068 visum
823 2999 887 3070 ibo
911 3001 945 3091 ¹)
970 3003 1194 3094 necopinato,

239 3095 544 3188 quandoquidem
565 3121 627 3166 rne
652 3100 852 3172 convenire
876 3123 954 3176 non
973 3103 1065 3172 vult.
1118 3103 1195 3196 Qua}

236 3195 335 3288 regis
356 3199 468 3278 verba
487 3221 574 3268 cum
591 3197 794 3272 audivisset
824 3199 956 3290 Ullus,
992 3203 1109 3293 clam,
1142 3201 1196 3293 qui

236 3295 340 3366 sibia
354 3297 486 3368 calceis
502 3295 576 3366 fuit
594 3298 644 3391 ²),
663 3299 829 3392 equitem
843 3303 1003 3394 ablegat,
1015 3303 1194 3394 jubetque,

219 3405 280 3462 ut
302 3418 416 3486 quarn
438 3395 656 3468 citatissimo
680 3421 791 3468 cursu
815 3398 974 3490 equitet,
1001 3401 1196 3474 Eindridio·

237 3515 311 3586 que
323 3509 526 3566 venturum
544 3499 617 3567 cito
631 3504 761 3592 regem
777 3499 928 3572 indicet.
969 3498 1061 3582 ‘ilex
1070 3503 1196 3582 Olavus

235 3593 309 3666 iter
323 3617 470 3666 summa
487 3597 679 3668 celeritate
695 3599 858 3691 paravit,
890 3616 1009 3671 noctu
1027 3626 1114 3672 cum
1132 3617 1194 3670 tre·

212 3775 215 3781 ,
237 3694 355 3764 centis
376 3695 461 3764 viris
476 3691 830 3770 ininteriora'sinus
845 3701 1053 3798 navigavit,
1081 3693 1193 3772 advil-

235 3793 312 3862 lam
331 3793 515 3866 Eindridii
539 3799 662 3892 primo
691 3790 803 3873 mane
826 3801 1017 3892 pervenit,
1058 3807 1195 3890 etcum

236 3892 409 3980 omnibus
424 3898 539 3989 copiis
556 3901 938 3996 extemploescendit.
968 3901 1065 3980 Cum
1080 3917 1192 3984 autern

239 4108 268 4178 ¹)
279 4130 338 4164 cum
352 4130 488 4166 nurneroso
500 4119 622 4170 comitatu
630 4155 639 4184 ,
648 4117 763 4170 aaut.
798 4096 801 4110 .
817 4097 1064 4194 ²)ffflomfflss¹'r·3i‘
1092 4179 1096 4191 .
