2502 4774
289 254 366 349 98⁸
573 261 840 336 Ξ
1077 269 1199 339 rato.

225 491 281 561 les
305 486 425 558 lactus
452 498 518 556 est.
583 483 811 576 Insequenti
827 495 955 554 estate
976 484 1134 578 Satrap'a
1156 483 1200 556 in

226 589 390 670 comitiis
411 585 650 683 generalibus
673 585 906 658 Thorkelem
935 585 1199 656 Thurrasrost-

226 715 289 760 em
305 689 464 780 (siccum
473 686 592 779 gelu),
612 698 747 778 rogatu
765 683 981 776 sigmundi,
1005 687 1200 756 insontem

225 787 444 876 declaravit,
462 809 623 876 eumque
640 784 856 854 amontauis
865 783 1124 856 reducendum
1133 809 1198 854 cu-

225 889 343 972 ravit5
370 889 496 958 hieme
511 885 691 976 'proxime
704 883 876 974 sequenti
896 887 1082 956 Thorkell
1096 885 1199 976 apud

226 991 420 1080 satrapam
438 985 530 1073 fuit,
556 1007 726 1075 uxorque
742 985 822 1069 ejus
839 1006 881 1052 ac
898 984 993 1074 filia,
1020 1001 1060 1056 et
1072 985 1197 1056 infans

226 1075 426 1182 Sigmundi
452 1099 490 1154 et
516 1087 655 1158 Thoraa
683 1079 918 1176 praecedente
941 1085 1067 1156 hieme
1095 1099 1196 1174 nata,

227 1211 309 1280 quae
332 1187 460 1282 puella
473 1186 601 1256 Thora
615 1185 808 1254 nominata
820 1198 885 1252 est.
913 1185 1061 1256 Deinde
1070 1186 1197 1257 Hako-

225 1288 458 1376 nusSatrapa
468 1285 651 1358 Thorlt'eli
661 1283 917 1356 Thurrafrosti
932 1285 1198 1376 praelecturam

228 1388 519 1458 Orkadalensem
534 1385 646 1453 dedit.
699 1383 759 1454 Sic
771 1398 931 1475 quatuor
948 1386 1036 1454 anni
1056 1386 1195 1473 exiere,
1210 1423 1212 1433 ·

227 1502 271 1556 ut
286 1485 511 1580 Sigmundus
528 1486 627 1576 apud
635 1486 826 1575 satrapam
836 1485 963 1575 quavis
971 1485 1098 1554 hieme
1110 1507 1198 1578 age-

226 1601 297 1675 ret,
324 1607 470 1656 summo
481 1585 624 1654 honore
636 1585 806 1674 habitus,
827 1585 954 1674 quavis
969 1609 1057 1654 vero
1070 1600 1198 1655 aestate

222 1686 439 1779 'praedatum
465 1685 612 1772 exiens,
651 1707 740 1774 opes
766 1699 804 1752 et
821 1683 978 1774 famam,
1020 1687 1198 1756 audacter

227 1777 1198 1878 inpugnamprogrediendomultasqueresproeclare

228 1885 413 1980 gerendo,
441 1885 512 1954 sibi
538 1884 776 1972 conciliaret,
815 1885 1135 1976 quemadmodum
1155 1886 1200 1954 in

222 1987 304 2053 vita
320 1986 400 2070 ejus
421 1981 612 2053 memoriae
637 1984 831 2074 proditum
850 1998 915 2052 est.
977 1985 1084 2056 Idem
1107 1985 1199 2054 artis

228 2083 482 2175 imperatoriae
499 2083 768 2174 peritissimus,
794 2084 981 2174 inpraeliis
1000 2099 1038 2154 et
1053 2105 1201 2178 oppug-

228 2185 442 2255 nationibus
452 2183 730 2254 strenuissimus
750 2198 788 2252 et
802 2185 1041 2270 celerrimus;
1065 2187 1105 2254 id
1113 2208 1202 2275 per·

230 2307 326 2376 saepe
342 2284 456 2373 fecit,
484 2309 570 2354 cum
585 2284 796 2371 dimicaret,
822 2284 861 2352 id
872 2285 973 2374 quod
986 2287 1202 2377 pauciprae-

228 2387 354 2454 videre
367 2395 594 2476 potuerunt,
622 2385 691 2452 etsi
703 2385 818 2454 fortes
832 2385 1203 2474 praeliatoresadver-

230 2497 494 2572 summatem,
531 2497 575 2552 ut
596 2484 721 2575 gladio
747 2487 955 2576 clypeoque
973 2485 1015 2554 in
1038 2485 1202 2554 sublime
1249 2549 1250 2580 p

121 2641 123 2646 .
227 2585 359 2673 jactis,
386 2586 563 2676 clypeum
581 2583 728 2672 dextra,
763 2584 929 2678 gladium
947 2585 1203 2676 sinistra'pre·

229 2683 413 2753 henderet
422 2697 460 2751 et
468 2683 672 2771 dimicaret,
688 2699 847 2776 utraque
857 2684 959 2754 enim
969 2709 1084 2756 manu
1095 2708 1204 2776 aeque

232 2783 427 2852 commode
442 2783 483 2852 in
491 2783 899 2872 praeliandoutebatur3
924 2785 1012 2854 hinc
1024 2786 1204 2878 Sigmun-

232 2884 299 2952 dus
313 2882 602 2954 Bresterisfilius
615 2885 749 2953 robore
764 2897 802 2952 et
818 2885 1204 2976 artiumperitiacum
1248 2893 1249 2898 ’

230 3003 321 3076 rege
346 2983 461 3051 Olavo
483 2983 596 3076 vulgo
614 2985 822 3074 comparari
836 2986 950 3071 solet,
985 2985 1107 3077 utqui
1121 3007 1203 3053 om·

231 3084 340 3154 nibus
354 3097 495 3152 naturae
515 3083 680 3172 artisque
704 3083 812 3154 bonis
831 3087 1033 3176 plerosque
1060 3091 1203 3156 Norve-

216 3203 315 3278 gos,
341 3197 433 3252 tunc
446 3177 628 3274 temporis
636 3185 829 3270 florentes,
856 3186 1098 3274 superaverit.
1114 3221 1122 3230 ·

219 3319 222 3328 .
333 3282 420 3373 Cap.
432 3294 502 3355 184.
555 3283 1098 3376 sigmundus‘ssresterisfilius,
1113 3306 1204 3354 cum

233 3397 393 3472 quatuor
411 3383 556 3452 hiemes
573 3382 672 3471 apud
687 3383 1201 3477 HakonumSatrapamegis-

233 3487 309 3568 set,
338 3481 372 3549 ei
383 3481 620 3574 significavit,
646 3503 685 3550 sa
701 3485 868 3576 Faereyas
883 3485 985 3576 adire
1000 3488 1109 3571 vellej
1135 3507 1203 3551 cae-
1246 3525 1247 3528 =

216 3581 320 3650 'dem
332 3582 448 3671 patris
462 3581 758 3670 vindicaturum,
784 3583 948 3674 rogitans
960 3636 970 3673 ‚
983 3623 985 3628 ,
996 3599 1039 3654 ut
1055 3597 1204 3674 satrapa

116 3689 119 3698 '
233 3699 272 3749 se
294 3681 342 3749 ad
362 3682 459 3750 hanc
476 3681 750 3772 profectionem
766 3684 977 3754 sublevaret
991 3701 1070 3776 tam
1088 3706 1204 3774 appa-

233 3793 317 3849 ratu
334 3781 650 3870 quam'consiliis,
679 3781 814 3871 quibus
828 3784 869 3851 id
883 3784 955 3854 iter
971 3785 1201 3856 institueret
1245 3805 1246 3810 ¹

234 3881 385 3971 Satrapa
400 3882 618 3972 respondet:
644 3881 819 3972 equidem
839 3886 981 3955 sanein
998 3908 1081 3953 rem
1095 3899 1204 3954 tuam

233 3983 445 4064 consulam
480 3981 550 4050 ista
571 3997 659 4050 vero
671 3982 854 4072 profectio
868 4007 945 4054 non
958 4000 1038 4054 tam
1052 3985 1204 4078 longin-

235 4104 308 4172 qua
323 4101 436 4172 quam
451 4079 699 4170 difficilium,
727 4105 771 4150 eo
787 4083 888 4155 enim
904 4084 1028 4181 longis
1044 4083 1203 4158 navibus
1244 4073 1245 4082 ’

1240 4619 1243 4751 l
