2502 4774
270 229 356 322 ros
549 179 818 309 ..·.-.-.-..-ὲ·
1060 239 1163 308 roc.

204 453 337 532 mundi
352 457 523 529 assiduus
539 474 666 526 comes
682 467 773 545 erat,
800 457 878 526 sive
892 455 933 523 in
947 454 1025 525 otio
1035 469 1162 548 ageret,

204 564 281 632 sive
292 561 391 630 inter
407 573 525 627 terras
540 573 779 647 commearet,
803 557 920 648 hique
939 575 1008 644 per
1025 580 1166 625 omnem

205 677 364 750 aetatem,
388 659 627 752 utcognati&
641 660 841 748 coalumni,
868 670 1043 726 mutuam
1051 679 1165 726 neces·

205 763 410 832 situdinem
432 760 623 828 carissimo
653 759 791 828 affectu
808 759 1032 828 coluerunt.
1096 757 1165 849 Sig-

205 862 369 930 mundus
397 883 440 928 ac
473 861 623 932 Thorer
650 860 722 928 hoc
751 873 932 928 autumno
965 881 1097 926 navem
1128 856 1167 924 ad

206 959 534 1035 Thrandheimum
568 961 816 1051 appulerunt,
873 971 986 1047 atque
1013 956 1168 1026 hiemem

206 1061 308 1152 apud
340 1075 527 1150 satrapam
557 1073 842 1153 transegerunt,
893 1057 1166 1149 plurimumque

207 1161 327 1254 gratia
345 1161 443 1251 apud
466 1184 554 1228 eum
571 1162 783 1230 valuerunt.
835 1163 889 1231 Ea
905 1157 1033 1227 hieme
1046 1157 1166 1249 pirata

208 1267 401 1332 Jomenses
419 1260 460 1328 in
477 1261 703 1354 Norvegiam
719 1251 925 1347 venerunt,
960 1272 1072 1348 atque
1092 1279 1169 1324 cum

207 1362 367 1433 Hakono
382 1361 699 1452 satrapafiliisque
717 1361 810 1450 eiua,
836 1373 880 1428 ut
897 1381 1011 1450 supra
1028 1358 1168 1426 demon-

208 1474 370 1528 stratum
388 1473 462 1549 est,
490 1461 750 1532 conflixerunt.
805 1459 983 1554 Cognati,
1008 1459 1169 1551 Sigmun·

209 1561 278 1630 dus
290 1561 336 1628 'ac
353 1561 644 1654 Thorerpugnae
661 1562 929 1650 interfuerunt,
956 1559 1064 1652 signa
1077 1579 1170 1626 secu-

207 1661 241 1730 ti
265 1675 515 1750 satraparum,
548 1662 699 1734 Hakoni
721 1667 750 1732 8ι
772 1661 910 1747 Eiriki5
946 1659 1084 1730 dicitur
1101 1656 1170 1748 Sig-

208 1761 370 1830 mundus
379 1761 524 1851 primus
532 1765 703 1832 omnium
714 1765 880 1844 celocem
901 1761 936 1852 Ι)
950 1759 1035 1830 Buii
1046 1756 1168 1844 Crassi,

211 1883 300 1930 eum
313 1862 495 1930 acerrime
511 1875 719 1955 pugnaret,
744 1863 1014 1956 proximusque
1033 1859 1069 1928 ei
1079 1857 1170 1930 Tho·

209 1979 271 2029 rer
290 1983 377 2030 cum
390 1962 545 2054 triginta
560 1962 647 2032 viris
659 1963 924 2034 conscendisse.
979 1961 1076 2028 Cum
1093 1979 1170 2025 vero

211 2061 439 2154 Sigmundns
465 2075 502 2130 et
523 2063 638 2132 Buius
663 2064 775 2134 armis
801 2066 1056 2148 decertarent,
1103 2057 1172 2149 Sig-

210 2158 619 2256 mundusintelligens,
647 2186 685 2232 se
699 2165 836 2235 Buium
845 2165 978 2233 robore
994 2161 1174 2232 &ictuum

210 2263 450 2332 vehementia
468 2265 697 2354 aequiparare
711 2289 787 2338 uon
804 2287 924 2356 posse,
951 2263 998 2332 ad
1014 2281 1173 2352 pugnan-

211 2363 250 2432 di
268 2363 443 2452 peritiam
460 2364 647 2456 confugit,
683 2379 722 2458 et
744 2369 920 2458 clypeum
939 2363 1173 2458 gladiumque

210 2463 252 2531 in
270 2464 429 2532 sublime
446 2465 561 2549 jactos
576 2466 677 2535 inter
698 2488 830 2536 manus
851 2463 1115 2548 commutavit,
1133 2470 1174 2525 ut

213 2563 346 2654 saepius
360 2563 482 2633 facere
496 2565 627 2632 solitus
640 2580 715 2649 est3
744 2567 843 2656 quod
858 2588 945 2634 cum
957 2563 1072 2632 Buius
1089 2581 1173 2650 prae-

213 2685 343 2735 cavere
369 2685 447 2735 non
464 2679 607 2755 posset,
640 2667 867 2759 Sigmundus
883 2665 1032 2732 sinistra
1049 2678 1173 2730 manns

212 2763 297 2832 Buii
325 2763 366 2832 in
388 2765 507 2854 carpis
527 2765 714 2854 praecidit3
735 2791 819 2858 'quo
844 2779 948 2860 gesto
975 2765 1017 2834 in
1037 2784 1173 2844 navem,

212 2863 392 2953 septimus
415 2887 588 2954 suorum,
626 2868 777 2956 resiliit,
818 2865 970 2960 [ceteris
1000 2861 1174 2940 omnibus,

214 2969 280 3055 qui
297 2987 383 3033 eum
399 2988 440 3032 ac
458 2967 669 3036 Thorerem
685 2969 805 3038 secuti
822 2967 983 3054 fuerant,
1010 2961 1175 3032 interfec-

212 3065 261 3133 tis
282 3064 327 3156 2).
361 3067 608 3143 ,Τυηι-Βυὶυε
626 3091 751 3137 enave
768 3069 809 3138 in
817 3091 919 3136 mare
932 3086 1103 3158 egressus
1115 3073 1173 3147 est,

213 3187 309 3236 nave
324 3189 390 3234 sua
405 3166 661 3236 defensoribus
676 3170 833 3257 nudata,
860 3181 1029 3256 utsupra
1044 3167 1175 3234 memo·

214 3267 280 3335 'riae
289 3267 482 3356 proditum
493 3281 558 3335 est.
575 3269 763 3358 Sequente
772 3284 900 3338 autem
908 3290 995 3336 vere
1005 3266 1175 3337 Hakonus

214 3380 359 3456 satrapa
373 3366 596 3458 digredienti
605 3371 809 3461 Sigmundo
823 3369 959 3438 eximia
969 3388 1126 3434 munera
1147 3361 1175 3452 ³)

214 3467 327 3535 dedit.
362 3469 453 3538 Mox
469 3469 618 3560 cognati
631 3469 671 3537 in
689 3471 854 3562 Faereyas
876 3467 1034 3555 revecti,
1072 3465 1178 3534 vitam

216 3567 383 3657 quietam
408 3581 582 3662 egerunt,
614 3571 821 3664 Sigmundo
848 3595 979 3640 rerum
1000 3587 1178 3636 summam

214 3679 380 3738 tenente.

259 3885 286 3956 ¹)
303 3885 392 3954 Μὴ
411 3889 444 3942 de
458 3909 586 3961 quarere
599 3909 627 3944 v·
637 3891 736 3960 Scripta
745 3890 805 3943 Soc.
823 3891 884 3944 Litt.
895 3890 939 3940 Isl.
953 3891 1032 3941 Tum.
1045 3887 1073 3954 6.
1085 3881 1178 3957 Ρ.”134.

295 3981 322 4047 ²)
344 3999 403 4032 oum
426 3994 477 4032 tres
492 3967 627 4034 hominurn
639 3981 753 4032 decuria)
777 3998 838 4032 cum
846 3981 926 4050 Sigm.
937 3980 1180 4035 &Thorerenavcm

296 4073 515 4125 conscendissent.
555 4074 585 4124 B.
597 4072 627 4127 G.
650 4069 677 4138 ³)
694 4073 840 4144 stdrgjafir]
859 4070 1062 4142 strengjaferju,
1096 4083 1180 4119 navem
