2528 4770
302 266 392 362 294
592 285 859 324 ·············
1090 283 1150 352 249
1167 285 1200 346 c.

242 499 432 576 clamavit:
456 515 631 589 magnam
648 491 754 564 illam
769 513 903 562 narem
917 486 1071 582 longius
1081 507 1205 578 prove·

242 604 343 685 hita,
376 600 463 668 nolo
480 597 522 668 in
535 597 609 664 hoc
634 593 801 662 exercitu
816 592 989 666 omnium
1004 602 1207 680 postremus

245 726 323 771 esse
338 700 507 768 militnm
521 715 715 780 meorum,
741 693 809 762 ubi
826 691 1003 783 praelium
1016 688 1205 778 inceperit.

246 806 349 875 Tum
366 797 476 869 Ulfus
491 793 632 880 Rufus,
659 792 815 886 signifer
828 807 866 860 et
881 803 1034 883 proreta
1049 788 1162 880 regis:
1180 789 1209 857 si

246 925 291 970 eo
306 922 425 990 usque
437 895 588 988 longius
605 906 692 964 ante
707 907 856 965 caeteras
872 913 982 970 naves
996 909 1206 980 promoven-

248 1001 316 1070 dus
335 1013 392 1070 est
406 999 583 1086 Serpens,
610 1015 685 1083 quo
711 993 791 1084 ipse
808 993 950 1064 ceteris
969 1005 1026 1060 est
1043 988 1160 1075 major
1176 1001 1208 1054 et

247 1101 415 1192 longior,
442 1096 601 1166 difficilis
616 1093 758 1162 orietur
774 1093 878 1162 labor
896 1091 1206 1178 circelocaprorae

247 1200 430 1292 proxima.
484 1198 564 1266 Rex
584 1193 771 1284 reposuit:
797 1193 881 1264 ideo
896 1194 1117 1280 Serpentem
1134 1185 1206 1268 aliis

248 1301 410 1372 navibus
425 1295 637 1388 longiorem
656 1293 783 1363 curavi
805 1290 1084 1376 fabricandum,
1109 1301 1151 1356 ut
1170 1308 1206 1354 eo

250 1399 428 1468 audacius
460 1397 501 1464 in
532 1393 670 1485 praeliis
696 1405 1005 1483 promoveretur,
1051 1403 1088 1456 et
1108 1385 1207 1456 facile

242 1499 476 1588 'conspicuus
495 1508 593 1564 esset
614 1507 694 1563 tem
714 1495 813 1565 inter
835 1489 1086 1584 praeliandum
1107 1509 1209 1578 quam

250 1595 523 1690 navigandum,
560 1617 692 1664 verum
716 1607 802 1665 tum
821 1615 891 1686 ego
907 1589 1119 1668 nesciebam
1127 1584 1175 1676 ,f
1198 1623 1208 1634 -

251 1714 403 1785 turum,
429 1707 473 1766 ut
493 1709 684 1787 proretam
700 1709 739 1762 et
759 1692 886 1765 rufum
910 1704 949 1760 et
964 1689 1139 1760 timidum
1155 1685 1208 1754 ha-

252 1799 393 1868 berem.
445 1798 556 1868 Ullus
574 1793 790 1884 respondet:
819 1817 925 1880 cave,
952 1814 974 1860 o
999 1789 1083 1860 rex!
1107 1799 1209 1874 netu

254 1897 376 1989 magis
395 1910 549 1987 tergum
573 1907 714 1980 vertas,
754 1894 894 1967 celsam
912 1889 1073 1982 puppim
1097 1887 1208 1956 desen-

256 1998 384 2083 dens,‘
406 2019 520 2086 quarn
546 2014 616 2086 ego
634 2015 795 2084 proram.
855 1995 937 2064 Rex
960 2013 1090 2060 arcum
1108 2009 1209 2060 manu

256 2095 399 2181 tenuit,
425 2095 603 2190 sagittam,
614 2115 727 2164 nervo
745 2093 944 2184 applicuit,
972 2105 1010 2164 et
1035 2091 1076 2160 in
1092 2086 1212 2157 Utrum

257 2196 390 2279 vertit,
416 2211 501 2264 tum
521 2193 649 2264 Ulfus:
673 2192 754 2262 noli
769 2217 830 2264 me
850 2193 1026 2280 jaculari,
1058 2185 1211 2259 domme!

260 2320 304 2366 eo
321 2295 446 2385 potius
460 2294 635 2387 sagittam
649 2293 799 2381 emitte,
825 2299 1007 2384 quo'opus
1025 2303 1080 2361 est
1095 2287 1213 2379 magis,

259 2399 331 2464 hoe
348 2411 403 2464 est
419 2395 459 2462 in
473 2393 758 2480 inimicostnos3
772 2394 843 2463 tibi
854 2387 1110 2483 enimoperor,
1121 2386 1213 2477 quic·

261 2497 351 2587 qnid
365 2493 482 2580 secio,
508 2494 591 2562 fieri
612 2507 752 2586 potest,
779 2507 979 2583 autequam
1001 2491 1078 2560 dies
1094 2488 1133 2558 in
1146 2510 1214 2558 res·

259 2618 395 2686 perum
419 2594 678 2683 declinaverit,
712 2608 756 2664 ut
775 2593 879 2664 haud
892 2587 1214 2690 nirnius'tibiride·

258 2709 343 2770 atur
360 2693 526 2762 militurn
541 2707 694 2762 tuorum
710 2715 905 2764 numerus.
956 2695 1037 2774 Rex
1053 2689 1214 2782 sagittam

261 2795 422 2882 recepit,
448 2817 569 2883 neque
586 2795 719 2865 emisit.
780 2795 854 2888 Qui
871 2794 961 2880 dum
972 2793 1057 2880 ¹haec
1071 2792 1165 2860 inter
1182 2811 1219 2865 se¹

263 2892 593 2982 colloquebantur,
633 2891 806 2969 viderunt
826 2895 966 2966 milites
988 2891 1086 2983 regii
1102 2912 1214 2968 curso·

264 2995 361 3066 riam
376 2993 599 3081 Vendieem,
640 3017 722 3085 quae
746 2993 909 3064 hoodie
932 2993 976 3062 ab
1000 3005 1125 3062 austro
1147 2990 1215 3080 ple·

264 3116 426 3192 rumque
445 3095 522 3161 sola
546 3093 615 3162 sibi
637 3095 892 3187 navigaverat,
915 3106 1019 3162 tanta
1036 3091 1214 3160 celeritate

253 3193 312 3262 -ad
333 3195 553 3282 Serpentem
578 3215 676 3284 pone
703 3197 840 3264 celsam
860 3196 1019 3284 puppim
1037 3192 1140 3278 ferri,
1164 3191 1215 3256 rix

264 3308 310 3362 ut
325 3293 449 3360 oculis
471 3294 715 3364 animadverti
730 3307 875 3385 posset,
901 3309 984 3362 turn
1001 3294 1058 3379 pir
1079 3290 1216 3384 quidam

252 3393 306 3460 ‘in
322 3415 433 3482 prora
448 3414 602 3485 surgens
621 3418 709 3465 cum
722 3417 811 3488 rege
831 3393 1112 3485 colloquebatur
1123 3413 1216 3482 pere·

267 3492 377 3586 grino
395 3515 588 3582 sermone,
617 3495 678 3562 cui
696 3519 761 3566 rex
773 3497 868 3564 item
887 3494 1134 3586 respondebat
1153 3513 1217 3558 ser·

267 3616 379 3661 mone
399 3615 506 3680 usus,
542 3617 656 3682 quem
677 3593 839 3690 Norvegi
859 3619 936 3680 uon
952 3595 1215 3690 intellexerunt.

268 3692 342 3785 Qui
358 3691 446 3762 cum
458 3693 562 3760 brevi
581 3697 759 3766 collocuti
769 3696 947 3784 fuissent,
970 3695 1028 3763 illi
1040 3693 1217 3786 navigium

266 3792 381 3860 remis
398 3791 444 3860 ed
461 3805 600 3863 terram
618 3799 887 3886 propulerunt,
914 3795 1044 3886 ibique
1064 3793 1105 3865 in
1122 3815 1218 3862 anco·

267 3892 318 3960 ris
334 3905 550 3962 tenuerunt.
602 3897 728 3988 Regiis
744 3896 939 3984 militibus,
967 3893 1217 3986 quaerentibus,

269 3990 424 4083 quinam
443 4007 564 4064 essent
577 3994 700 4088 ignoti
712 3997 770 4064 illi
787 3996 977 4083 homines,
1005 3996 1172 4086 quicum
1188 4015 1217 4061 eo

268 4092 446 4159 collocuti
475 4093 656 4162 fuissent?
707 4121 775 4165 rex
800 4097 1012 4186 respondit:
1046 4095 1089 4164 hi
1111 4093 1219 4163 homi·

268 4214 333 4258 nes
351 4190 503 4260 fuerunt
519 4195 613 4262 mihi
627 4199 707 4264 noti
725 4223 768 4266 ex
782 4187 1015 4269 Vindlandiass
