<?xml version="1.0" encoding="UTF-8"?>
<!DOCTYPE html PUBLIC "-//W3C//DTD XHTML 1.0 Transitional//EN"
    "http://www.w3.org/TR/xhtml1/DTD/xhtml1-transitional.dtd">
<html xmlns="http://www.w3.org/1999/xhtml" xml:lang="en" lang="en">
 <head>
  <title>
</title>
<meta http-equiv="Content-Type" content="text/html;charset=utf-8" />
  <meta name='ocr-system' content='tesseract 3.04.00' />
  <meta name='ocr-capabilities' content='ocr_page ocr_carea ocr_par ocr_line ocrx_word'/>
</head>
<body>
  <div class='ocr_page' id='page_1' title='image "./scriptahistoric00unkngoog_0159.png"; bbox 0 0 2502 4774; ppageno 0'>
   <div class='ocr_carea' id='block_1_1' title="bbox 329 239 1215 343">
    <p class='ocr_par' dir='ltr' id='par_1_1' title="bbox 329 239 1215 356">
     <span class='ocr_line' id='line_1_1' title="bbox 329 239 1215 343; baseline -0.02 -3"><span class='ocrx_word' id='word_1_1' title='bbox 329 239 418 343; x_wconf 59' lang='lat'>144</span> <span class='ocrx_word' id='word_1_2' title='bbox 609 263 888 336; x_wconf 57' lang='lat' dir='ltr'>mg</span> <span class='ocrx_word' id='word_1_3' title='bbox 1113 261 1215 328; x_wconf 80' lang='lat'>2010.</span> 
     </span>
    </p>
   </div>
   <div class='ocr_carea' id='block_1_2' title="bbox 203 469 1243 4186">
    <p class='ocr_par' dir='ltr' id='par_1_2' title="bbox 203 469 1243 4199">
     <span class='ocr_line' id='line_1_2' title="bbox 267 469 1216 568; baseline -0.006 -18"><span class='ocrx_word' id='word_1_4' title='bbox 267 478 387 566; x_wconf 84' lang='lat' dir='ltr'>novit,</span> <span class='ocrx_word' id='word_1_5' title='bbox 413 472 602 568; x_wconf 70' lang='lat' dir='ltr'>exposuit,</span> <span class='ocrx_word' id='word_1_6' title='bbox 628 469 766 542; x_wconf 87' lang='lat' dir='ltr'>Finnns</span> <span class='ocrx_word' id='word_1_7' title='bbox 788 485 917 550; x_wconf 81' lang='lat' dir='ltr'>autem</span> <span class='ocrx_word' id='word_1_8' title='bbox 932 472 1098 548; x_wconf 74' lang='lat' dir='ltr'>vicissim</span> <span class='ocrx_word' id='word_1_9' title='bbox 1119 476 1152 546; x_wconf 92' lang='lat' dir='ltr'>ei</span> <span class='ocrx_word' id='word_1_10' title='bbox 1172 477 1216 546; x_wconf 89' lang='lat' dir='ltr'>de</span> 
     </span>
     <span class='ocr_line' id='line_1_3' title="bbox 268 575 1216 668; baseline -0.008 -14"><span class='ocrx_word' id='word_1_11' title='bbox 268 582 395 654; x_wconf 87' lang='lat' dir='ltr'>Thore</span> <span class='ocrx_word' id='word_1_12' title='bbox 410 582 437 646; x_wconf 79' lang='lat' dir='ltr'>dt</span> <span class='ocrx_word' id='word_1_13' title='bbox 455 576 594 663; x_wconf 89' lang='lat' dir='ltr'>Odine,</span> <span class='ocrx_word' id='word_1_14' title='bbox 622 595 826 661; x_wconf 86' lang='lat' dir='ltr'>eorumque</span> <span class='ocrx_word' id='word_1_15' title='bbox 844 575 958 668; x_wconf 87' lang='lat' dir='ltr'>gestis</span> <span class='ocrx_word' id='word_1_16' title='bbox 969 576 1111 646; x_wconf 83' lang='lat' dir='ltr'>bellicis</span> <span class='ocrx_word' id='word_1_17' title='bbox 1124 591 1216 646; x_wconf 87' lang='lat' dir='ltr'>retu-</span> 
     </span>
     <span class='ocr_line' id='line_1_4' title="bbox 268 673 1216 768; baseline -0.009 -16"><span class='ocrx_word' id='word_1_18' title='bbox 268 682 324 752; x_wconf 88' lang='lat' dir='ltr'><strong>lit.</strong></span> <span class='ocrx_word' id='word_1_19' title='bbox 379 677 503 768; x_wconf 88' lang='lat' dir='ltr'>Opilio</span> <span class='ocrx_word' id='word_1_20' title='bbox 529 674 715 766; x_wconf 85' lang='lat' dir='ltr'>loquitur:</span> <span class='ocrx_word' id='word_1_21' title='bbox 746 673 853 746; x_wconf 88' lang='lat' dir='ltr'>video</span> <span class='ocrx_word' id='word_1_22' title='bbox 874 689 912 745; x_wconf 89' lang='lat' dir='ltr'>te</span> <span class='ocrx_word' id='word_1_23' title='bbox 938 676 1012 746; x_wconf 90' lang='lat' dir='ltr'>cito</span> <span class='ocrx_word' id='word_1_24' title='bbox 1028 677 1122 746; x_wconf 84' lang='lat' dir='ltr'>hanc</span> <span class='ocrx_word' id='word_1_25' title='bbox 1142 701 1216 744; x_wconf 88' lang='lat' dir='ltr'>rem</span> 
     </span>
     <span class='ocr_line' id='line_1_5' title="bbox 268 773 1215 861; baseline -0.006 -15"><span class='ocrx_word' id='word_1_26' title='bbox 268 778 365 852; x_wconf 88' lang='lat' dir='ltr'>mihi</span> <span class='ocrx_word' id='word_1_27' title='bbox 388 777 599 849; x_wconf 82' lang='lat' dir='ltr'>intricatam</span> <span class='ocrx_word' id='word_1_28' title='bbox 620 773 796 861; x_wconf 83' lang='lat' dir='ltr'>reddere,</span> <span class='ocrx_word' id='word_1_29' title='bbox 820 791 1051 849; x_wconf 81' lang='lat' dir='ltr'>vernantem</span> <span class='ocrx_word' id='word_1_30' title='bbox 1070 775 1215 846; x_wconf 83' lang='lat' dir='ltr'>similius</span> 
     </span>
     <span class='ocr_line' id='line_1_6' title="bbox 269 877 1216 968; baseline -0.005 -20"><span class='ocrx_word' id='word_1_31' title='bbox 269 893 344 968; x_wconf 83' lang='lat' dir='ltr'>est,</span> <span class='ocrx_word' id='word_1_32' title='bbox 387 878 418 944; x_wconf 90' lang='lat' dir='ltr'>si</span> <span class='ocrx_word' id='word_1_33' title='bbox 447 878 664 966; x_wconf 90' lang='lat' dir='ltr'>episcopum</span> <span class='ocrx_word' id='word_1_34' title='bbox 687 888 859 946; x_wconf 89' lang='lat' dir='ltr'>nostrum</span> <span class='ocrx_word' id='word_1_35' title='bbox 885 877 1117 963; x_wconf 83' lang='lat' dir='ltr'>conveneris,</span> <span class='ocrx_word' id='word_1_36' title='bbox 1158 877 1216 966; x_wconf 91' lang='lat' dir='ltr'>qni</span> 
     </span>
     <span class='ocr_line' id='line_1_7' title="bbox 267 975 1215 1068; baseline -0.008 -19"><span class='ocrx_word' id='word_1_37' title='bbox 267 979 370 1050; x_wconf 87' lang='lat' dir='ltr'>haud</span> <span class='ocrx_word' id='word_1_38' title='bbox 378 978 510 1068; x_wconf 90' lang='lat' dir='ltr'>procul</span> <span class='ocrx_word' id='word_1_39' title='bbox 522 975 610 1044; x_wconf 90' lang='lat' dir='ltr'>hinc</span> <span class='ocrx_word' id='word_1_40' title='bbox 624 977 745 1063; x_wconf 85' lang='lat' dir='ltr'>abest,</span> <span class='ocrx_word' id='word_1_41' title='bbox 771 988 811 1044; x_wconf 86' lang='lat' dir='ltr'>te</span> <span class='ocrx_word' id='word_1_42' title='bbox 819 999 896 1046; x_wconf 91' lang='lat' dir='ltr'>non</span> <span class='ocrx_word' id='word_1_43' title='bbox 905 981 984 1052; x_wconf 80' lang='lat' dir='ltr'>solo</span> <span class='ocrx_word' id='word_1_44' title='bbox 997 977 1148 1046; x_wconf 87' lang='lat' dir='ltr'>stultitia</span> <span class='ocrx_word' id='word_1_45' title='bbox 1158 990 1215 1044; x_wconf 82' lang='lat' dir='ltr'>out</span> 
     </span>
     <span class='ocr_line' id='line_1_8' title="bbox 268 1075 1215 1168; baseline -0.008 -20"><span class='ocrx_word' id='word_1_46' title='bbox 268 1080 430 1150; x_wconf 83' lang='lat' dir='ltr'>vanitate</span> <span class='ocrx_word' id='word_1_47' title='bbox 454 1098 562 1168; x_wconf 89' lang='lat' dir='ltr'>posse</span> <span class='ocrx_word' id='word_1_48' title='bbox 584 1075 697 1144; x_wconf 90' lang='lat' dir='ltr'>illum</span> <span class='ocrx_word' id='word_1_49' title='bbox 718 1076 888 1166; x_wconf 79' lang='lat' dir='ltr'>eludere,</span> <span class='ocrx_word' id='word_1_50' title='bbox 914 1077 946 1146; x_wconf 84' lang='lat' dir='ltr'>is</span> <span class='ocrx_word' id='word_1_51' title='bbox 966 1078 1069 1148; x_wconf 82' lang='lat' dir='ltr'>enim</span> <span class='ocrx_word' id='word_1_52' title='bbox 1089 1077 1153 1144; x_wconf 86' lang='lat' dir='ltr'>tibi</span> <span class='ocrx_word' id='word_1_53' title='bbox 1176 1076 1215 1142; x_wconf 87' lang='lat' dir='ltr'>de</span> 
     </span>
     <span class='ocr_line' id='line_1_9' title="bbox 267 1174 1214 1271; baseline -0.012 -20"><span class='ocrx_word' id='word_1_54' title='bbox 267 1179 341 1252; x_wconf 79' lang='lat' dir='ltr'>fide</span> <span class='ocrx_word' id='word_1_55' title='bbox 360 1178 457 1246; x_wconf 90' lang='lat' dir='ltr'>scitu</span> <span class='ocrx_word' id='word_1_56' title='bbox 475 1175 643 1268; x_wconf 80' lang='lat' dir='ltr'>digniora</span> <span class='ocrx_word' id='word_1_57' title='bbox 657 1174 796 1264; x_wconf 85' lang='lat' dir='ltr'>tradet,</span> <span class='ocrx_word' id='word_1_58' title='bbox 825 1191 938 1267; x_wconf 84' lang='lat' dir='ltr'>quam</span> <span class='ocrx_word' id='word_1_59' title='bbox 958 1200 1048 1271; x_wconf 78' lang='lat' dir='ltr'>ego.¹</span> <span class='ocrx_word' id='word_1_60' title='bbox 1089 1177 1214 1264; x_wconf 77' lang='lat' dir='ltr'>Finnus</span> 
     </span>
     <span class='ocr_line' id='line_1_10' title="bbox 269 1273 1213 1368; baseline -0.011 -18"><span class='ocrx_word' id='word_1_61' title='bbox 269 1279 316 1350; x_wconf 87' lang='lat' dir='ltr'>ad</span> <span class='ocrx_word' id='word_1_62' title='bbox 331 1279 428 1348; x_wconf 88' lang='lat' dir='ltr'>haec:</span> <span class='ocrx_word' id='word_1_63' title='bbox 454 1276 543 1368; x_wconf 92' lang='lat' dir='ltr'>quid</span> <span class='ocrx_word' id='word_1_64' title='bbox 553 1276 677 1364; x_wconf 72' lang='lat' dir='ltr'>isthoc</span> <span class='ocrx_word' id='word_1_65' title='bbox 691 1288 765 1362; x_wconf 89' lang='lat' dir='ltr'>est,</span> <span class='ocrx_word' id='word_1_66' title='bbox 785 1277 1019 1368; x_wconf 83' lang='lat' dir='ltr'>episcopium</span> <span class='ocrx_word' id='word_1_67' title='bbox 1035 1273 1213 1348; x_wconf 81' lang='lat' dir='ltr'>vestrum?</span> 
     </span>
     <span class='ocr_line' id='line_1_11' title="bbox 268 1376 1214 1468; baseline -0.006 -20"><span class='ocrx_word' id='word_1_68' title='bbox 268 1393 399 1448; x_wconf 88' lang='lat' dir='ltr'>utrum</span> <span class='ocrx_word' id='word_1_69' title='bbox 411 1379 525 1448; x_wconf 87' lang='lat' dir='ltr'>homo</span> <span class='ocrx_word' id='word_1_70' title='bbox 541 1390 613 1466; x_wconf 90' lang='lat' dir='ltr'>est,</span> <span class='ocrx_word' id='word_1_71' title='bbox 638 1399 686 1447; x_wconf 88' lang='lat' dir='ltr'>an</span> <span class='ocrx_word' id='word_1_72' title='bbox 700 1376 803 1447; x_wconf 84' lang='lat' dir='ltr'>aliud</span> <span class='ocrx_word' id='word_1_73' title='bbox 820 1377 982 1448; x_wconf 79' lang='lat' dir='ltr'>animal?</span> <span class='ocrx_word' id='word_1_74' title='bbox 1035 1377 1153 1468; x_wconf 89' lang='lat' dir='ltr'>Opilio</span> <span class='ocrx_word' id='word_1_75' title='bbox 1167 1397 1214 1442; x_wconf 89' lang='lat' dir='ltr'>re-</span> 
     </span>
     <span class='ocr_line' id='line_1_12' title="bbox 267 1477 1214 1572; baseline -0.011 -21"><span class='ocrx_word' id='word_1_76' title='bbox 267 1479 394 1572; x_wconf 80' lang='lat' dir='ltr'>ponit:</span> <span class='ocrx_word' id='word_1_77' title='bbox 420 1477 588 1546; x_wconf 88' lang='lat' dir='ltr'>nondum</span> <span class='ocrx_word' id='word_1_78' title='bbox 602 1490 639 1544; x_wconf 93' lang='lat' dir='ltr'>te</span> <span class='ocrx_word' id='word_1_79' title='bbox 655 1477 812 1546; x_wconf 82' lang='lat' dir='ltr'>stultitia</span> <span class='ocrx_word' id='word_1_80' title='bbox 827 1477 1003 1568; x_wconf 84' lang='lat' dir='ltr'>deseruit,</span> <span class='ocrx_word' id='word_1_81' title='bbox 1016 1489 1214 1570; x_wconf 86' lang='lat' dir='ltr'>atquepnto</span> 
     </span>
     <span class='ocr_line' id='line_1_13' title="bbox 268 1575 1214 1667; baseline -0.013 -15"><span class='ocrx_word' id='word_1_82' title='bbox 268 1595 308 1652; x_wconf 82' lang='lat' dir='ltr'>te</span> <span class='ocrx_word' id='word_1_83' title='bbox 329 1578 510 1648; x_wconf 85' lang='lat' dir='ltr'>stolidum</span> <span class='ocrx_word' id='word_1_84' title='bbox 533 1589 599 1644; x_wconf 85' lang='lat' dir='ltr'>aut</span> <span class='ocrx_word' id='word_1_85' title='bbox 614 1575 760 1646; x_wconf 84' lang='lat' dir='ltr'>fatuum</span> <span class='ocrx_word' id='word_1_86' title='bbox 783 1599 882 1667; x_wconf 89' lang='lat' dir='ltr'>esse,</span> <span class='ocrx_word' id='word_1_87' title='bbox 908 1578 1074 1650; x_wconf 81' lang='lat' dir='ltr'>nisitam</span> <span class='ocrx_word' id='word_1_88' title='bbox 1095 1579 1214 1646; x_wconf 90' lang='lat' dir='ltr'>stultus</span> 
     </span>
     <span class='ocr_line' id='line_1_14' title="bbox 269 1677 1215 1770; baseline -0.011 -19"><span class='ocrx_word' id='word_1_89' title='bbox 269 1703 347 1751; x_wconf 84' lang='lat' dir='ltr'>non</span> <span class='ocrx_word' id='word_1_90' title='bbox 359 1679 419 1767; x_wconf 89' lang='lat' dir='ltr'>sis,</span> <span class='ocrx_word' id='word_1_91' title='bbox 446 1701 558 1768; x_wconf 86' lang='lat' dir='ltr'>quam</span> <span class='ocrx_word' id='word_1_92' title='bbox 574 1689 612 1744; x_wconf 88' lang='lat' dir='ltr'>te</span> <span class='ocrx_word' id='word_1_93' title='bbox 628 1677 799 1762; x_wconf 76' lang='lat' dir='ltr'>simulas,</span> <span class='ocrx_word' id='word_1_94' title='bbox 814 1679 878 1750; x_wconf 90' lang='lat' dir='ltr'>sed</span> <span class='ocrx_word' id='word_1_95' title='bbox 892 1679 1110 1770; x_wconf 85' lang='lat' dir='ltr'>episcopum</span> <span class='ocrx_word' id='word_1_96' title='bbox 1124 1698 1215 1746; x_wconf 85' lang='lat' dir='ltr'>voca-</span> 
     </span>
     <span class='ocr_line' id='line_1_15' title="bbox 268 1775 1215 1852; baseline -0.01 -1"><span class='ocrx_word' id='word_1_97' title='bbox 268 1803 354 1852; x_wconf 88' lang='lat' dir='ltr'>mus</span> <span class='ocrx_word' id='word_1_98' title='bbox 371 1793 558 1848; x_wconf 87' lang='lat' dir='ltr'>rectorem</span> <span class='ocrx_word' id='word_1_99' title='bbox 572 1790 610 1844; x_wconf 91' lang='lat' dir='ltr'>et</span> <span class='ocrx_word' id='word_1_100' title='bbox 626 1776 823 1848; x_wconf 87' lang='lat' dir='ltr'>ductorem</span> <span class='ocrx_word' id='word_1_101' title='bbox 843 1780 938 1848; x_wconf 82' lang='lat' dir='ltr'>sacri</span> <span class='ocrx_word' id='word_1_102' title='bbox 955 1794 1072 1850; x_wconf 84' lang='lat' dir='ltr'>coetus</span> <span class='ocrx_word' id='word_1_103' title='bbox 1087 1775 1215 1846; x_wconf 87' lang='lat' dir='ltr'>christi-</span> 
     </span>
     <span class='ocr_line' id='line_1_16' title="bbox 203 1875 1213 1962; baseline -0.01 -12"><span class='ocrx_word' id='word_1_104' title='bbox 203 1955 205 1962; x_wconf 57' lang='grc'><strong>,</strong></span> <span class='ocrx_word' id='word_1_105' title='bbox 269 1879 342 1950; x_wconf 85' lang='lat' dir='ltr'>ani.</span> <span class='ocrx_word' id='word_1_106' title='bbox 403 1879 542 1950; x_wconf 82' lang='lat' dir='ltr'>Firmus</span> <span class='ocrx_word' id='word_1_107' title='bbox 563 1898 602 1944; x_wconf 88' lang='lat' dir='ltr'>se</span> <span class='ocrx_word' id='word_1_108' title='bbox 621 1899 709 1946; x_wconf 90' lang='lat' dir='ltr'>eum</span> <span class='ocrx_word' id='word_1_109' title='bbox 725 1880 927 1951; x_wconf 85' lang='lat' dir='ltr'>convenire</span> <span class='ocrx_word' id='word_1_110' title='bbox 943 1881 1042 1954; x_wconf 86' lang='lat' dir='ltr'>velle</span> <span class='ocrx_word' id='word_1_111' title='bbox 1056 1875 1213 1948; x_wconf 85' lang='lat' dir='ltr'>ostendit.</span> 
     </span>
     <span class='ocr_line' id='line_1_17' title="bbox 269 1977 1213 2072; baseline -0.012 -22"><span class='ocrx_word' id='word_1_112' title='bbox 269 1978 417 2050; x_wconf 89' lang='lat' dir='ltr'>Deinde</span> <span class='ocrx_word' id='word_1_113' title='bbox 440 1978 657 2068; x_wconf 87' lang='lat' dir='ltr'>episcopum</span> <span class='ocrx_word' id='word_1_114' title='bbox 677 1979 852 2051; x_wconf 86' lang='lat' dir='ltr'>convenit</span> <span class='ocrx_word' id='word_1_115' title='bbox 867 2003 1030 2072; x_wconf 90' lang='lat' dir='ltr'>eumque</span> <span class='ocrx_word' id='word_1_116' title='bbox 1046 1977 1213 2068; x_wconf 84' lang='lat' dir='ltr'>salutavit.</span> 
     </span>
     <span class='ocr_line' id='line_1_18' title="bbox 267 2076 1217 2172; baseline -0.005 -26"><span class='ocrx_word' id='word_1_117' title='bbox 267 2079 471 2170; x_wconf 88' lang='lat' dir='ltr'>Episcopus</span> <span class='ocrx_word' id='word_1_118' title='bbox 490 2077 676 2172; x_wconf 79' lang='lat' dir='ltr'>quaesivip,</span> <span class='ocrx_word' id='word_1_119' title='bbox 704 2079 981 2170; x_wconf 90' lang='lat' dir='ltr'>quihominum</span> <span class='ocrx_word' id='word_1_120' title='bbox 997 2092 1104 2154; x_wconf 84' lang='lat' dir='ltr'>esset.</span> <span class='ocrx_word' id='word_1_121' title='bbox 1159 2076 1217 2143; x_wconf 87' lang='lat' dir='ltr'>Ille</span> 
     </span>
     <span class='ocr_line' id='line_1_19' title="bbox 269 2178 1243 2271; baseline 0.002 -23"><span class='ocrx_word' id='word_1_122' title='bbox 269 2181 538 2271; x_wconf 64' lang='lat' dir='ltr'>se‘Norvegum</span> <span class='ocrx_word' id='word_1_123' title='bbox 556 2178 658 2246; x_wconf 86' lang='lat' dir='ltr'>dixit.</span> <span class='ocrx_word' id='word_1_124' title='bbox 712 2179 937 2271; x_wconf 89' lang='lat' dir='ltr'>Episcopus:</span> <span class='ocrx_word' id='word_1_125' title='bbox 964 2180 1005 2252; x_wconf 90' lang='lat' dir='ltr'>in</span> <span class='ocrx_word' id='word_1_126' title='bbox 1022 2202 1133 2270; x_wconf 78' lang='lat' dir='ltr'>quent</span> <span class='ocrx_word' id='word_1_127' title='bbox 1153 2199 1217 2244; x_wconf 64' lang='lat' dir='ltr'>cre¹</span> <span class='ocrx_word' id='word_1_128' title='bbox 1242 2217 1243 2250; x_wconf 62' lang='lat' dir='ltr'>r</span> 
     </span>
     <span class='ocr_line' id='line_1_20' title="bbox 270 2277 1217 2366; baseline -0.008 -16"><span class='ocrx_word' id='word_1_129' title='bbox 270 2278 350 2350; x_wconf 86' lang='lat' dir='ltr'>dis?</span> <span class='ocrx_word' id='word_1_130' title='bbox 409 2279 567 2350; x_wconf 89' lang='lat' dir='ltr'>Finnus:</span> <span class='ocrx_word' id='word_1_131' title='bbox 601 2277 642 2352; x_wconf 87' lang='lat' dir='ltr'>in</span> <span class='ocrx_word' id='word_1_132' title='bbox 655 2279 881 2352; x_wconf 88' lang='lat' dir='ltr'>Thorernet</span> <span class='ocrx_word' id='word_1_133' title='bbox 900 2280 1080 2366; x_wconf 90' lang='lat' dir='ltr'>Odinem,</span> <span class='ocrx_word' id='word_1_134' title='bbox 1106 2291 1217 2346; x_wconf 75' lang='lat' dir='ltr'>uteo-</span> 
     </span>
     <span class='ocr_line' id='line_1_21' title="bbox 267 2377 1217 2471; baseline -0.005 -24"><span class='ocrx_word' id='word_1_135' title='bbox 267 2379 342 2450; x_wconf 87' lang='lat' dir='ltr'>teri</span> <span class='ocrx_word' id='word_1_136' title='bbox 361 2377 532 2471; x_wconf 81' lang='lat' dir='ltr'>Norvegi.</span> <span class='ocrx_word' id='word_1_137' title='bbox 586 2381 808 2470; x_wconf 91' lang='lat' dir='ltr'>Episcopus:</span> <span class='ocrx_word' id='word_1_138' title='bbox 844 2382 943 2450; x_wconf 83' lang='lat' dir='ltr'>mala</span> <span class='ocrx_word' id='word_1_139' title='bbox 962 2381 1042 2448; x_wconf 87' lang='lat' dir='ltr'>haec</span> <span class='ocrx_word' id='word_1_140' title='bbox 1057 2377 1146 2446; x_wconf 84' lang='lat' dir='ltr'>fides</span> <span class='ocrx_word' id='word_1_141' title='bbox 1163 2388 1217 2460; x_wconf 89' lang='lat' dir='ltr'>est,</span> 
     </span>
     <span class='ocr_line' id='line_1_22' title="bbox 269 2475 1218 2570; baseline -0.008 -21"><span class='ocrx_word' id='word_1_142' title='bbox 269 2494 381 2570; x_wconf 86' lang='lat' dir='ltr'>atque</span> <span class='ocrx_word' id='word_1_143' title='bbox 397 2481 467 2548; x_wconf 83' lang='lat' dir='ltr'>olio</span> <span class='ocrx_word' id='word_1_144' title='bbox 482 2479 643 2561; x_wconf 44' lang='lat' dir='ltr'>meliore,</span> <span class='ocrx_word' id='word_1_145' title='bbox 654 2496 693 2548; x_wconf 90' lang='lat' dir='ltr'>te</span> <span class='ocrx_word' id='word_1_146' title='bbox 711 2480 959 2550; x_wconf 89' lang='lat' dir='ltr'>imbuendum</span> <span class='ocrx_word' id='word_1_147' title='bbox 973 2479 1122 2548; x_wconf 80' lang='lat' dir='ltr'>curabo.</span> <span class='ocrx_word' id='word_1_148' title='bbox 1148 2475 1218 2546; x_wconf 86' lang='lat' dir='ltr'>Fin-</span> 
     </span>
     <span class='ocr_line' id='line_1_23' title="bbox 268 2575 1242 2673; baseline -0.011 -23"><span class='ocrx_word' id='word_1_149' title='bbox 268 2602 356 2650; x_wconf 84' lang='lat' dir='ltr'>nus:</span> <span class='ocrx_word' id='word_1_150' title='bbox 385 2579 632 2667; x_wconf 82' lang='lat' dir='ltr'>comperiam,</span> <span class='ocrx_word' id='word_1_151' title='bbox 667 2603 754 2650; x_wconf 89' lang='lat' dir='ltr'>cum</span> <span class='ocrx_word' id='word_1_152' title='bbox 780 2581 973 2670; x_wconf 80' lang='lat' dir='ltr'>audivero,</span> <span class='ocrx_word' id='word_1_153' title='bbox 1009 2601 1058 2653; x_wconf 85' lang='lat' dir='ltr'>on</span> <span class='ocrx_word' id='word_1_154' title='bbox 1079 2601 1121 2648; x_wconf 85' lang='lat' dir='ltr'>ea</span> <span class='ocrx_word' id='word_1_155' title='bbox 1141 2575 1242 2673; x_wconf 59' lang='lat' dir='ltr'>lidesl</span> 
     </span>
     <span class='ocr_line' id='line_1_24' title="bbox 269 2675 1216 2772; baseline -0.007 -25"><span class='ocrx_word' id='word_1_156' title='bbox 269 2679 366 2748; x_wconf 88' lang='lat' dir='ltr'>mihi</span> <span class='ocrx_word' id='word_1_157' title='bbox 382 2679 517 2746; x_wconf 89' lang='lat' dir='ltr'>melior</span> <span class='ocrx_word' id='word_1_158' title='bbox 531 2679 718 2766; x_wconf 70' lang='lat' dir='ltr'>videatur,</span> <span class='ocrx_word' id='word_1_159' title='bbox 744 2703 875 2768; x_wconf 84' lang='lat' dir='ltr'>curve,</span> <span class='ocrx_word' id='word_1_160' title='bbox 904 2695 1046 2772; x_wconf 86' lang='lat' dir='ltr'>quaeso,</span> <span class='ocrx_word' id='word_1_161' title='bbox 1079 2679 1171 2748; x_wconf 81' lang='lat' dir='ltr'>hanc</span> <span class='ocrx_word' id='word_1_162' title='bbox 1185 2675 1216 2740; x_wconf 89' lang='lat' dir='ltr'>si-</span> 
     </span>
     <span class='ocr_line' id='line_1_25' title="bbox 270 2778 1218 2873; baseline -0.007 -26"><span class='ocrx_word' id='word_1_163' title='bbox 270 2778 1218 2873; x_wconf 80' lang='lat' dir='ltr'>dommeperaliospotinsdocerecogitos,quameem</span> 
     </span>
     <span class='ocr_line' id='line_1_26' title="bbox 269 2878 1216 2972; baseline -0.003 -27"><span class='ocrx_word' id='word_1_164' title='bbox 269 2878 384 2967; x_wconf 84' lang='lat' dir='ltr'>mihi,</span> <span class='ocrx_word' id='word_1_165' title='bbox 410 2879 542 2972; x_wconf 77' lang='lat' dir='ltr'>teipso</span> <span class='ocrx_word' id='word_1_166' title='bbox 561 2881 737 2969; x_wconf 83' lang='lat' dir='ltr'>docente,</span> <span class='ocrx_word' id='word_1_167' title='bbox 764 2880 982 2952; x_wconf 84' lang='lat' dir='ltr'>ostendere?</span> <span class='ocrx_word' id='word_1_168' title='bbox 1028 2879 1216 2969; x_wconf 89' lang='lat' dir='ltr'>Episcopus</span> 
     </span>
     <span class='ocr_line' id='line_1_27' title="bbox 270 2979 1216 3072; baseline -0.006 -24"><span class='ocrx_word' id='word_1_169' title='bbox 270 3002 359 3048; x_wconf 88' lang='lat' dir='ltr'>eum</span> <span class='ocrx_word' id='word_1_170' title='bbox 380 2981 596 3072; x_wconf 87' lang='lat' dir='ltr'>presbytero</span> <span class='ocrx_word' id='word_1_171' title='bbox 620 2981 770 3052; x_wconf 84' lang='lat' dir='ltr'>cuidam</span> <span class='ocrx_word' id='word_1_172' title='bbox 787 2981 958 3069; x_wconf 84' lang='lat' dir='ltr'>tradidit,</span> <span class='ocrx_word' id='word_1_173' title='bbox 984 2979 1165 3068; x_wconf 80' lang='lat' dir='ltr'>jussitque</span> <span class='ocrx_word' id='word_1_174' title='bbox 1184 2987 1216 3042; x_wconf 87' lang='lat' dir='ltr'>ut</span> 
     </span>
     <span class='ocr_line' id='line_1_28' title="bbox 269 3079 1216 3171; baseline -0.005 -23"><span class='ocrx_word' id='word_1_175' title='bbox 269 3079 382 3148; x_wconf 81' lang='lat' dir='ltr'>fidem</span> <span class='ocrx_word' id='word_1_176' title='bbox 413 3103 501 3148; x_wconf 88' lang='lat' dir='ltr'>eum</span> <span class='ocrx_word' id='word_1_177' title='bbox 525 3081 695 3169; x_wconf 88' lang='lat' dir='ltr'>doceret,</span> <span class='ocrx_word' id='word_1_178' title='bbox 736 3082 875 3154; x_wconf 88' lang='lat' dir='ltr'>Finnus</span> <span class='ocrx_word' id='word_1_179' title='bbox 899 3103 988 3150; x_wconf 84' lang='lat' dir='ltr'>vero</span> <span class='ocrx_word' id='word_1_180' title='bbox 1014 3079 1216 3171; x_wconf 82' lang='lat' dir='ltr'>presbytero</span> 
     </span>
     <span class='ocr_line' id='line_1_29' title="bbox 269 3179 1240 3283; baseline -0.01 -33"><span class='ocrx_word' id='word_1_181' title='bbox 269 3179 394 3250; x_wconf 82' lang='lat' dir='ltr'>omnia</span> <span class='ocrx_word' id='word_1_182' title='bbox 420 3179 600 3270; x_wconf 82' lang='lat' dir='ltr'>impedite</span> <span class='ocrx_word' id='word_1_183' title='bbox 623 3181 802 3271; x_wconf 86' lang='lat' dir='ltr'>reddidit,</span> <span class='ocrx_word' id='word_1_184' title='bbox 838 3181 890 3250; x_wconf 81' lang='lat' dir='ltr'>ita</span> <span class='ocrx_word' id='word_1_185' title='bbox 908 3195 952 3250; x_wconf 91' lang='lat' dir='ltr'>ut</span> <span class='ocrx_word' id='word_1_186' title='bbox 967 3180 1065 3252; x_wconf 85' lang='lat' dir='ltr'>nihil</span> <span class='ocrx_word' id='word_1_187' title='bbox 1086 3179 1215 3247; x_wconf 82' lang='lat' dir='ltr'>efficere</span> <span class='ocrx_word' id='word_1_188' title='bbox 1239 3211 1240 3283; x_wconf 53' lang='lat' dir='ltr'>p</span> 
     </span>
     <span class='ocr_line' id='line_1_30' title="bbox 267 3275 1215 3374; baseline -0.012 -25"><span class='ocrx_word' id='word_1_189' title='bbox 267 3294 412 3372; x_wconf 78' lang='lat' dir='ltr'>posset-3</span> <span class='ocrx_word' id='word_1_190' title='bbox 432 3303 545 3369; x_wconf 81' lang='lat' dir='ltr'>quare</span> <span class='ocrx_word' id='word_1_191' title='bbox 553 3282 794 3374; x_wconf 84' lang='lat' dir='ltr'>presbyteros</span> <span class='ocrx_word' id='word_1_192' title='bbox 811 3283 987 3374; x_wconf 87' lang='lat' dir='ltr'>episcopo</span> <span class='ocrx_word' id='word_1_193' title='bbox 1002 3275 1215 3372; x_wconf 81' lang='lat' dir='ltr'>significavit,</span> 
     </span>
     <span class='ocr_line' id='line_1_31' title="bbox 267 3379 1214 3464; baseline -0.007 -15"><span class='ocrx_word' id='word_1_194' title='bbox 267 3381 368 3449; x_wconf 89' lang='lat' dir='ltr'>hunc</span> <span class='ocrx_word' id='word_1_195' title='bbox 387 3381 582 3464; x_wconf 83' lang='lat' dir='ltr'>hominem</span> <span class='ocrx_word' id='word_1_196' title='bbox 601 3382 692 3452; x_wconf 83' lang='lat' dir='ltr'>adeo</span> <span class='ocrx_word' id='word_1_197' title='bbox 707 3405 786 3452; x_wconf 89' lang='lat' dir='ltr'>esse</span> <span class='ocrx_word' id='word_1_198' title='bbox 803 3382 994 3452; x_wconf 86' lang='lat' dir='ltr'>difficilem</span> <span class='ocrx_word' id='word_1_199' title='bbox 1010 3394 1047 3448; x_wconf 92' lang='lat' dir='ltr'>et</span> <span class='ocrx_word' id='word_1_200' title='bbox 1063 3379 1214 3460; x_wconf 81' lang='lat' dir='ltr'>stultum,</span> 
     </span>
     <span class='ocr_line' id='line_1_32' title="bbox 268 3475 1212 3573; baseline -0.006 -25"><span class='ocrx_word' id='word_1_201' title='bbox 268 3494 312 3548; x_wconf 93' lang='lat' dir='ltr'>ut</span> <span class='ocrx_word' id='word_1_202' title='bbox 330 3477 428 3548; x_wconf 86' lang='lat' dir='ltr'>nihil</span> <span class='ocrx_word' id='word_1_203' title='bbox 449 3481 592 3573; x_wconf 83' lang='lat' dir='ltr'>negotii</span> <span class='ocrx_word' id='word_1_204' title='bbox 615 3504 702 3551; x_wconf 91' lang='lat' dir='ltr'>cum</span> <span class='ocrx_word' id='word_1_205' title='bbox 729 3507 771 3552; x_wconf 92' lang='lat' dir='ltr'>eo</span> <span class='ocrx_word' id='word_1_206' title='bbox 792 3479 1149 3552; x_wconf 82' lang='lat' dir='ltr'>communicandum</span> <span class='ocrx_word' id='word_1_207' title='bbox 1169 3475 1212 3542; x_wconf 87' lang='lat' dir='ltr'>sit.</span> 
     </span>
     <span class='ocr_line' id='line_1_33' title="bbox 270 3571 1214 3670; baseline -0.008 -22"><span class='ocrx_word' id='word_1_208' title='bbox 270 3579 340 3650; x_wconf 93' lang='lat' dir='ltr'>Cui</span> <span class='ocrx_word' id='word_1_209' title='bbox 357 3580 569 3670; x_wconf 86' lang='lat' dir='ltr'>episcopus:</span> <span class='ocrx_word' id='word_1_210' title='bbox 597 3579 628 3650; x_wconf 91' lang='lat' dir='ltr'>is</span> <span class='ocrx_word' id='word_1_211' title='bbox 649 3582 743 3650; x_wconf 89' lang='lat' dir='ltr'>mihi</span> <span class='ocrx_word' id='word_1_212' title='bbox 760 3583 821 3650; x_wconf 90' lang='lat' dir='ltr'>hic</span> <span class='ocrx_word' id='word_1_213' title='bbox 843 3583 958 3650; x_wconf 88' lang='lat' dir='ltr'>homo</span> <span class='ocrx_word' id='word_1_214' title='bbox 976 3581 1141 3666; x_wconf 84' lang='lat' dir='ltr'>videtur,</span> <span class='ocrx_word' id='word_1_215' title='bbox 1165 3571 1214 3663; x_wconf 88' lang='lat' dir='ltr'>qui</span> 
     </span>
     <span class='ocr_line' id='line_1_34' title="bbox 267 3680 1216 3772; baseline -0.009 -21"><span class='ocrx_word' id='word_1_216' title='bbox 267 3685 344 3751; x_wconf 84' lang='lat' dir='ltr'>non</span> <span class='ocrx_word' id='word_1_217' title='bbox 359 3694 436 3748; x_wconf 86' lang='lat' dir='ltr'>tom</span> <span class='ocrx_word' id='word_1_218' title='bbox 449 3682 605 3767; x_wconf 73' lang='lat' dir='ltr'>stultuS,</span> <span class='ocrx_word' id='word_1_219' title='bbox 633 3703 744 3772; x_wconf 85' lang='lat' dir='ltr'>quom</span> <span class='ocrx_word' id='word_1_220' title='bbox 757 3683 861 3764; x_wconf 79' lang='lat' dir='ltr'>mirre</span> <span class='ocrx_word' id='word_1_221' title='bbox 875 3680 1009 3748; x_wconf 90' lang='lat' dir='ltr'>indolis</span> <span class='ocrx_word' id='word_1_222' title='bbox 1023 3681 1081 3748; x_wconf 87' lang='lat' dir='ltr'>sit.</span> <span class='ocrx_word' id='word_1_223' title='bbox 1135 3683 1216 3750; x_wconf 86' lang='lat' dir='ltr'>Turn</span> 
     </span>
     <span class='ocr_line' id='line_1_35' title="bbox 269 3775 1213 3873; baseline -0.01 -23"><span class='ocrx_word' id='word_1_224' title='bbox 269 3786 467 3873; x_wconf 86' lang='lat' dir='ltr'>episcopus</span> <span class='ocrx_word' id='word_1_225' title='bbox 490 3782 524 3850; x_wconf 91' lang='lat' dir='ltr'>ei</span> <span class='ocrx_word' id='word_1_226' title='bbox 541 3781 681 3866; x_wconf 71' lang='lat' dir='ltr'>referre</span> <span class='ocrx_word' id='word_1_227' title='bbox 697 3797 735 3854; x_wconf 89' lang='lat' dir='ltr'>et</span> <span class='ocrx_word' id='word_1_228' title='bbox 751 3804 972 3862; x_wconf 80' lang='lat' dir='ltr'>enumerare</span> <span class='ocrx_word' id='word_1_229' title='bbox 988 3782 1103 3870; x_wconf 88' lang='lat' dir='ltr'>coepit</span> <span class='ocrx_word' id='word_1_230' title='bbox 1120 3775 1213 3848; x_wconf 64' lang='lat' dir='ltr'>mira⁴</span> 
     </span>
     <span class='ocr_line' id='line_1_36' title="bbox 270 3881 1215 3972; baseline -0.003 -23"><span class='ocrx_word' id='word_1_231' title='bbox 270 3884 353 3950; x_wconf 86' lang='lat' dir='ltr'>culo</span> <span class='ocrx_word' id='word_1_232' title='bbox 372 3881 433 3950; x_wconf 89' lang='lat' dir='ltr'>dei</span> <span class='ocrx_word' id='word_1_233' title='bbox 447 3883 732 3972; x_wconf 73' lang='lat' dir='ltr'>omnipotentis,</span> <span class='ocrx_word' id='word_1_234' title='bbox 758 3883 911 3952; x_wconf 86' lang='lat' dir='ltr'>tandem</span> <span class='ocrx_word' id='word_1_235' title='bbox 927 3881 1067 3956; x_wconf 87' lang='lat' dir='ltr'>Finnus</span> <span class='ocrx_word' id='word_1_236' title='bbox 1085 3883 1215 3948; x_wconf 85' lang='lat' dir='ltr'>locutus</span> 
     </span>
     <span class='ocr_line' id='line_1_37' title="bbox 269 3980 1214 4072; baseline 0.002 -22"><span class='ocrx_word' id='word_1_237' title='bbox 269 3996 345 4050; x_wconf 88' lang='lat' dir='ltr'>est:</span> <span class='ocrx_word' id='word_1_238' title='bbox 381 3980 460 4048; x_wconf 83' lang='lat' dir='ltr'>lraec</span> <span class='ocrx_word' id='word_1_239' title='bbox 477 3997 631 4072; x_wconf 84' lang='lat' dir='ltr'>prorsus</span> <span class='ocrx_word' id='word_1_240' title='bbox 648 3985 757 4054; x_wconf 78' lang='lat' dir='ltr'>aliter</span> <span class='ocrx_word' id='word_1_241' title='bbox 775 4008 813 4060; x_wconf 80' lang='lat' dir='ltr'>se</span> <span class='ocrx_word' id='word_1_242' title='bbox 831 3984 986 4070; x_wconf 82' lang='lat' dir='ltr'>habent,</span> <span class='ocrx_word' id='word_1_243' title='bbox 1013 4004 1127 4072; x_wconf 80' lang='lat' dir='ltr'>quam</span> <span class='ocrx_word' id='word_1_244' title='bbox 1150 3995 1214 4066; x_wconf 61' lang='grc' dir='ltr'>φ]ω</span> 
     </span>
     <span class='ocr_line' id='line_1_38' title="bbox 268 4081 1213 4186; baseline -0.01 -32"><span class='ocrx_word' id='word_1_245' title='bbox 268 4097 355 4154; x_wconf 84' lang='lat' dir='ltr'>ante</span> <span class='ocrx_word' id='word_1_246' title='bbox 370 4081 504 4186; x_wconf 75' lang='lat' dir='ltr'>audivi,</span> <span class='ocrx_word' id='word_1_247' title='bbox 522 4084 646 4156; x_wconf 88' lang='lat' dir='ltr'>nullos</span> <span class='ocrx_word' id='word_1_248' title='bbox 661 4084 748 4162; x_wconf 87' lang='lat' dir='ltr'>deos</span> <span class='ocrx_word' id='word_1_249' title='bbox 759 4098 834 4157; x_wconf 83' lang='lat' dir='ltr'>tam</span> <span class='ocrx_word' id='word_1_250' title='bbox 844 4095 1018 4174; x_wconf 83' lang='lat' dir='ltr'>potentes</span> <span class='ocrx_word' id='word_1_251' title='bbox 1030 4103 1109 4152; x_wconf 86' lang='lat' dir='ltr'>esse</span> <span class='ocrx_word' id='word_1_252' title='bbox 1122 4095 1213 4171; x_wconf 82' lang='lat' dir='ltr'>quan</span> 
     </span>
    </p>
   </div>
   <div class='ocr_carea' id='block_1_3' title="bbox 0 0 1257 4774">
    <p class='ocr_par' dir='ltr' id='par_1_3' title="bbox 0 0 1257 4774">
     <span class='ocr_line' id='line_1_39' title="bbox 0 0 1257 4774; baseline 0 0"><span class='ocrx_word' id='word_1_253' title='bbox 0 0 1257 4774; x_wconf 95' lang='lat' dir='ltr'> </span> 
     </span>
    </p>
   </div>
  </div>
 </body>
</html>
