2502 4774
200 258 407 374 ,134Ι
546 273 812 340 Β
1054 269 1178 366 2⁰⁰0:

203 513 368 582 eumque
377 507 504 560 coram
518 483 585 556 illo
596 480 817 554 calumniari
828 480 950 574 coepit.
987 481 1176 576 sigardus

201 592 386 684 loquitur:
413 586 516 656 haud
529 585 705 676 equidem
718 597 784 650 tua
793 606 902 652 causa
913 577 1178 656 Thorvaldum

202 693 297 762 odiis
322 689 523 775 exercebo,
562 685 702 754 etenim
733 696 908 774 spectatae
925 684 1074 754 virtutis
1101 699 1177 771 est,

201 807 246 862 tu
268 811 356 861 vero
374 789 489 859 homo
501 785 714 882 improbus.
774 783 959 877 Quoniam
974 807 1062 856 vero
1079 787 1178 856 Hel-

203 893 288 986 gius
306 913 383 961 non
398 887 542 958 destitit
562 886 614 977 ¹),
656 885 722 954 sed
742 883 784 954 in
804 884 1067 960 calumniando
1085 885 1178 954 assi-

203 993 303 1062 duus
321 1004 419 1078 erat,
442 988 586 1057 iactum
603 999 677 1076 est,
710 998 756 1054 ut
775 1007 842 1054 rex
861 1007 906 1054 eo
921 985 1046 1058 minus
1062 984 1177 1056 fami·

202 1091 345 1164 liariter
373 1090 430 1160 uti
452 1088 635 1180 coepisset.
711 1084 786 1158 Die
816 1084 979 1177 quodam
1009 1085 1177 1176 He'lgius

203 1190 440 1265 Thorvaldos
467 1209 614 1282 regem,
639 1185 782 1280 inquit,
807 1185 1018 1277 interroga,
1046 1187 1176 1275 quise

202 1293 296 1362 adeo
316 1291 464 1363 tristem
481 1290 656 1380 praebeat.
708 1285 964 1358 Tho'rvaldus:
986 1307 1064 1357 non
1079 1285 1122 1356 id
1138 1299 1178 1354 te

202 1406 382 1481 monente
411 1403 477 1461 aut
498 1390 673 1460 hortante
691 1385 847 1470 faciam,
880 1407 1176 1476 speroquoque,

202 1491 235 1558 si
254 1515 326 1584 qua
340 1493 382 1562 in
396 1513 437 1560 re
451 1490 525 1584 ipsi
540 1488 775 1581 displiceam,
800 1499 874 1559 tuae
885 1484 1080 1559 calumnie
1095 1509 1177 1556 non

201 1591 316 1662 iidem
335 1589 565 1664 habiturum.
624 1586 801 1678 Helgius:
835 1606 1017 1678 magnum
1041 1607 1102 1674 se,
1130 1598 1177 1652 ut

201 1694 353 1780 assolet,
376 1689 649 1762 contubernalis
664 1687 845 1756 simulat·
876 1686 1175 1775 Postnliqunnto
1249 1753 1250 1768 ,

202 1791 457 1879 Thorvaldus,
484 1813 572 1860 cum
587 1789 646 1858 die
658 1786 820 1878 quodam
830 1808 956 1856 coram
968 1807 1059 1879 rege
1068 1785 1175 1854 ades·
1249 1817 1250 1862 ι

201 1906 279 1980 set,
308 1892 361 1962 ita
378 1891 562 1982 loquitur:
591 1886 811 1960 confidentis
828 1885 945 1962 fuerit
957 1887 1002 1957 de
1018 1885 1175 1968 tristitia

200 2004 267 2060 tua
296 1992 553 2081 interrogare3
594 1988 626 2056 si
651 1986 805 2058 morbus
833 2009 964 2074 cause,
1004 1985 1110 2054 baud
1132 1986 1174 2054 in

201 2104 357 2182 promtu
372 2091 540 2173 medela,
568 2088 598 2156 si
613 2111 684 2178 qua
695 2088 767 2156 alia
781 2109 882 2172 cuna,
905 2101 971 2157 aut
989 2107 1095 2159 casus
1105 2087 1173 2156 ali-

202 2191 269 2280 qui
290 2190 490 2260 hotninum
514 2212 627 2280 opera
651 2186 830 2278 profecti,
854 2187 938 2258 lieri
957 2199 1100 2276 potest,
1128 2199 1174 2254 ut

200 2304 269 2360 tuo
283 2307 426 2362 naturae
441 2292 539 2360 bono
557 2288 750 2359 &fortuna
768 2286 985 2376 adjuvante,
1009 2289 1169 2356 levetur.

199 2393 297 2462 Rex:
338 2412 414 2464 non
439 2409 537 2482 oeger
560 2413 664 2478 sum,
712 2388 846 2476 inquit.
916 2387 1170 2462 Thorvaldus:

199 2504 284 2562 tum
298 2511 386 2561 vero
400 2490 539 2562 melius
555 2503 627 2574 est,
652 2511 739 2560 cum
759 2489 794 2577 ²)
805 2509 863 2558 res
882 2485 1078 2559 durissima
1091 2488 1172 2556 abs*

177 2587 374 2675 'cesserim
407 2611 569 2679 ecquem
581 2588 730 2671 iniurias
751 2588 822 2660 tibi
840 2589 953 2662 illata
971 2605 1081 2658 reum
1102 2610 1170 2678 po-

199 2690 340 2762 stulas?
396 2691 477 2760 Rex
496 2688 550 2758 ita
571 2710 650 2758 esse
674 2688 853 2760 ostendit:
880 2701 1016 2782 uatque
1035 2688 1169 2758 ulcisci

200 2789 314 2878 licet,
338 2803 382 2859 tu
398 2811 508 2877 vero,
535 2788 766 2862 Thorvaldel
792 2789 865 2858 hoc
885 2788 1035 2858 difficile
1052 2808 1169 2880 nego-

197 2888 298 2960 tium
316 2889 491 2981 expedire
506 2889 658 2974 teneris,
683 2888 748 2980 qui
763 2888 910 2979 primns
923 2889 1077 2958 scitatus
1085 2887 1168 2956 fue·
1248 2945 1249 2970 ,

198 2985 285 3058 ris.'”
313 2989 563 3062 Thorvaldus:
587 2987 975 3074 omnostibisubjecti
992 2989 1167 3074 jussatua
1248 3033 1249 3074 ,

196 3087 320 3158 fecere
334 3089 489 3173 debent,
515 3093 652 3158 verumv
662 3087 856 3160 soiendum
864 3103 925 3158 est
933 3090 1039 3176 mihi,
1055 3111 1165 3179 quor-

197 3209 283 3260 sum
307 3188 430 3258 isthoc
452 3201 619 3280 spectet,
639 3188 716 3257 'etsi
737 3188 968 3280 expediendo
982 3213 1060 3262 non
1074 3190 1164 3260 sim.-

195 3291 293 3360 Rex:
329 3289 449 3360 Bardo
475 3289 605 3358 Crasso
629 3312 769 3360 nomen
802 3303 858 3358 est
882 3289 981 3378 viro,
1025 3311 1164 3382 genere

195 3387 413 3478 lippitudo,
438 3389 610 3480 pecuniis
626 3388 752 3471 diviti,
777 3389 868 3474 huit
883 3389 994 3484 unica
1011 3403 1065 3458 est
1073 3389 1163 3477 filia,

193 3488 348 3558 nomino
365 3490 515 3572 Thorai,
537 3488 676 3560 Bordus
685 3502 798 3562 etate
808 3489 958 3560 declivis
977 3504 1044 3578 est,
1059 3490 1165 3570 habi-

193 3594 324 3680 tatque
349 3587 389 3658 in
409 3589 635 3680 Up‘plandis,
666 3603 788 3663 tractu
808 3589 1163 3676 Ull'arsdalisdictm

194 3686 229 3754 ei
241 3689 331 3756 villa
347 3703 404 3757 est
416 3709 552 3781 magna
563 3702 600 3758 et
612 3689 825 3780 splendidm
850 3691 926 3762 lilia
940 3691 1021 3776 ejus
1036 3691 1164 3764 Thera

192 3787 292 3874 apud
321 3811 410 3858 eum
435 3803 512 3878 est,
552 3803 732 3861 coeterum
756 3789 810 3859 ibi
832 3790 938 3863 nulla
961 3790 1163 3881 bominum

190 3885 399 3960 multitudo
414 3890 642 3973 observetur.
682 3889 856 3965 »Minime
873 3891 1162 3982 veromilripro·

190 4021 457 4045 *at—mabu-

231 4099 256 4164 ¹)
274 4057 788 4170 'litonuldumstlnmuisriptdd-,Bqssi
822 4100 900 4174 ²)q‘f·
928 4059 965 4170 ,tls
991 4057 1012 4154 ll
1117 4159 1120 4168 .
1159 4061 1162 4068 Ι
