2502 4774
64 305 154 370 tsoo
404 279 670 369 ..-...-·--··..-.’.
898 284 957 376 85

62 523 91 578 et
105 507 156 576 vir
171 531 321 604 magno
338 513 571 582 auctoritatis
586 539 597 598 3
633 513 739 583 idem·
763 513 925 584 dimidiae
944 517 972 586 F
974 539 1019 584 aa·

58 633 219 703 reyarum
231 613 331 703 parti
349 613 394 682 ab
409 615 574 686 Haraldo
593 615 790 704 Grafeld0,
817 630 901 684 tum
924 629 1019 684 tem-

58 711 145 801 poris
171 714 366 806 Norvegiae
391 736 500 808 rege,
541 715 740 805 praefectus
765 730 854 786 erat.
917 719 1019 786 Uxor

57 811 233 905 Hafgrimi
251 814 519 885 nominabatur
536 815 722 905 Gudrida,
757 815 836 885 filia
852 816 1016 902 Sueeulfi,

56 912 112 1001 qui
129 913 305 1008 Sandeyae
317 914 507 984 habitavit
569 915 754 987 Snaeulfus
775 916 819 988 ab
849 916 1017 990 Hebudi·

55 1013 116 1080 bus
130 1027 209 1080 erat
225 1013 426 1104 oriundus,
454 1015 555 1085 unde
578 1017 625 1084 ob
637 1016 754 1087 caedes
771 1015 1015 1109 profugerant

54 1111 111 1181 ille
123 1113 198 1199 jam
214 1133 352 1206 magno
369 1131 461 1184 natu
479 1131 576 1204 erat,
602 1115 710 1188 ferox
725 1119 854 1188 tainen
874 1131 1015 1190 ettrac·

53 1227 125 1282 tatu
142 1212 315 1282 difficilis.
367 1215 607 1310 HafgrimuS,
634 1237 751 1310 gener
770 1217 871 1306 ejus,
902 1217 1015 1284 vehe-

54 1313 177 1384 mentis
204 1328 286 1383 erat
307 1315 471 1408 ingenii,
512 1341 636 1408 neque
660 1317 836 1408 prudens.
904 1321 1014 1388 Tuno

54 1415 221 1504 temporis
240 1414 281 1484 in
301 1415 463 1512 Skuseyo
482 1416 556 1486 duo
571 1418 703 1490 fratres
720 1417 850 1490 divites
869 1415 1013 1484 habita-

54 1516 151 1603 bant,
178 1537 341 1606 quorum
365 1518 458 1585 alter
481 1519 647 1611 Brester,
685 1519 780 1586 alter
798 1519 1013 1589 Beiuerno·

53 1616 204 1686 minatus
214 1629 292 1704 est,
318 1615 525 1709 Sigmundo
540 1617 631 1692 nati.
685 1615 926 1709 sigmundus,
948 1637 1012 1706 pa-

51 1729 101 1783 ter
110 1737 252 1805 eorum,
277 1731 357 1790 erat
372 1717 488 1790 frater
503 1717 749 1808 Thorbjdrnis
764 1716 1010 1808 Gutuslteggi,

51 1815 155 1906 patris
180 1816 350 1888 Thrandi
371 1818 416 1890 ab
440 1819 545 1888 Geta.
615 1820 765 1894 Brester
796 1831 834 1890 et
855 1816 1012 1888 Breiner

53 1917 174 2005 opibus
192 1917 384 2006 valebant,
412 1932 451 1992 et
467 1938 612 2008 aequam
629 1941 716 1992 cum
735 1915 933 2010 Hafgrimo
953 1915 1010 1984 in-

51 2017 205 2084 sularum
228 2032 375 2111 partem
401 2017 594 2091 dimidiam
615 2019 811 2105 tenebant,
850 2016 885 2086 ei
910 2016 1011 2106 parti

51 2115 90 2184 ab
114 2130 256 2206 satrapa
275 2118 437 2188 Hakono
458 2117 608 2212 Sigurdi
624 2118 703 2186 filio
724 2116 911 2207 praefecti,
946 2139 1009 2184 cu·

49 2219 99 2304 jus
114 2217 290 2290 satellites
309 2232 346 2310 et
363 2217 439 2290 cari
455 2217 565 2286 amici
578 2219 742 2290 suerunt.
778 2220 924 2286 Brester
935 2215 1009 2282 fuit

50 2318 211 2388 omnium
223 2317 424 2392 hominum
433 2331 572 2385 statura
587 2317 772 2388 matrimus
782 2329 819 2384 et
829 2315 1008 2384 robustis-

48 2418 171 2507 simus,
205 2419 335 2509 quovis
356 2417 528 2505 homine,
559 2432 644 2485 tum
669 2417 821 2508 quidem
848 2415 1008 2506 Faereyis
1035 2444 1037 2448 ¹

48 2515 214 2610 degente,
240 2519 281 2587 in
296 2519 498 2611 pugnando
516 2517 720 2607 dexterior,
754 2529 909 2606 aspectu
923 2515 1007 2604 pul·

48 2617 126 2684 cher
144 2633 182 2686 et
206 2617 248 2686 in
272 2619 449 2692 omnibus
465 2617 622 2693 ludendi
637 2617 826 2690 exercitiis
848 2615 1004 2706 peritus.

47 2715 167 2791 Beiner
178 2719 308 2792 multis
319 2721 430 2794 rebus
438 2717 545 2792 fratri
554 2719 685 2792 similis
694 2719 782 2805 fuit,
799 2717 904 2786 nulla
916 2736 1005 2782 vero

48 2839 126 2886 eum
142 2819 404 2911 aequiparabat.
456 2819 560 2891 Inter
578 2820 647 2888 hos
662 2818 795 2887 fratres
815 2831 853 2885 et
861 2816 1006 2888 Thran-

47 2915 127 2984 dum
142 2919 187 2986 ab
203 2920 298 2990 Geta
314 2941 463 3010 semper
476 2918 694 3010 infrequens
714 2918 789 2988 fuit
810 2927 1005 2986 consuetu-

47 3015 102 3105 do,
134 3019 203 3086 etsi
218 3036 320 3094 arcta
334 3019 560 3111 cognatione
574 3019 697 3106 juncti
718 3031 853 3087 essent.

134 3118 222 3210 Cap.
238 3129 308 3194 180.
361 3119 534 3206 Bjaruius
544 3119 759 3192 nominatus
774 3132 829 3184 est
842 3115 911 3204 vir,
927 3113 1004 3184 Sri-

44 3219 342 3312 noemenias,
367 3218 424 3291 vir
440 3219 559 3308 dives,
583 3219 709 3288 minus
725 3217 932 3309 gratiosus,
967 3236 1004 3280 a·

45 3321 159 3392 stutiis
186 3322 341 3411 plenum
378 3319 410 3387 is
434 3321 641 3393 avunculus
664 3317 739 3390 fuit
766 3315 936 3392 Thrandi
959 3313 1003 3382 ab

45 3420 140 3492 Gata.
169 3421 377 3491 Comitium
386 3419 664 3516 Faereyonsium
674 3431 754 3488 erat
763 3415 804 3486 in
818 3417 1003 3486 Straums-

45 3543 121 3612 eya,
156 3521 211 3593 ibi
232 3536 363 3612 portus
378 3533 434 3591 est
450 3520 689 3608 commodum
727 3541 842 3609 quem
864 3516 1004 3588 Thors-

42 3617 200 3694 hafniam
218 3623 372 3715 (Thotis
391 3620 561 3714 portum)
576 3621 786 3710 appellant,
826 3636 899 3706 quo
923 3635 1003 3682 om-

42 3743 100 3788 nes
116 3724 354 3816 Faereyenses
371 3722 525 3794 tendere
545 3722 734 3808 solebant,
762 3717 916 3786 comitia
930 3713 1002 3782 fre-

42 3823 258 3910 quentaturi.
286 3826 455 3916 Uterque
472 3821 651 3910 fratrum,
679 3816 848 3910 quamvis
867 3837 1003 3883 uxores

42 3923 103 3990 sibi
114 3947 190 3992 non
203 3924 469 4013 adjunxerant,
495 3944 608 3990 suum
630 3921 787 4012 quisque
799 3915 923 3986 filium
937 3916 1003 3982 ha-

40 4019 131 4090 buit:
157 4024 258 4092 filius
278 4025 445 4094 Beineris
466 4023 734 4094 nominabatur
761 4017 926 4102 Thorer,
959 4013 1003 4080 fi-

40 4121 104 4190 lius
122 4123 322 4212 Bresteris«,
349 4121 601 4218 Sigmundus,
625 4123 691 4214 qui
708 4118 849 4190 duabus
866 4114 1001 4183 hiemi-
