2508 4766
207 243 388 330 ‘180
526 255 848 342 π
1047 193 1196 327 'insa

176 491 180 498 ’
234 467 345 539 domo
369 468 603 561 egrediatur,
648 483 830 562 magnum
863 465 967 536 enim
985 463 1195 536 imminebit

232 569 537 656 incommodum,
578 569 609 636 si
626 566 700 636 hoc
725 569 914 639 monitum
929 590 1012 636 non
1037 566 1194 634 observa·

232 667 317 738 nim
332 669 467 754 fueris,
499 681 537 737 et
552 667 731 758 quicquid
750 667 904 738 tandem
925 665 1194 758 praestigiarum

233 768 443 856 obvenerit,
464 769 724 843 ne-advertant
733 767 906 837 homiues
915 767 1098 855 animum,
1113 789 1194 835 nam

231 871 322 938 mali
336 869 407 938 erit
418 869 565 956 ominis,
580 868 610 935 si
629 869 712 958 quis
722 889 946 960 responsum
963 867 1077 936 dabit.
1111 867 1193 938 Hal-

231 972 291 1038 lus
308 967 476 1038 convivas
491 967 655 1062 rogavit,
688 979 733 1036 ut
751 967 859 1036 dictis
877 963 1078 1040 Thorhalli
1099 965 1193 1034 obse-

233 1085 460 1161 querentur,
485 1091 563 1137 non
582 1067 684 1136 enim
701 1066 893 1154 fallentur,
918 1065 1064 1158 inquit,
1090 1078 1192 1156 atque

229 1169 389 1261 integris
412 1168 612 1258 rebus-(ut
629 1167 754 1258 ajunt)
782 1167 966 1240 facillime
981 1165 1190 1236 consulitur.

213 1267 474 1340 *Thidrandus
490 1267 535 1336 ad
551 1289 718 1337 mensam
731 1267 973 1352 ministravit,
999 1279 1088 1334 etse
1104 1265 1144 1334 in-
1155 1288 1192 1332 ea

232 1391 295 1457 re,
326 1382 370 1437 ut
394 1369 475 1439 aliis
493 1369 626 1455 rebus,
657 1366 810 1437 facilem
824 1381 866 1435 et
881 1367 1097 1436 modestum
1110 1386 1192 1456 pra-

231 1468 325 1538 buit.
382 1468 479 1538 Cum
505 1481 635 1536 antem·
655 1468 828 1538 cubitum
840 1467 981 1554 iretur,
1020 1463 1192 1538 Thidsan-

233 1568 454 1638 duslectam
467 1591 578 1638 suum
596 1565 745 1638 advenis
757 1565 1016 1654 commodavit,
1028 1565 1192 1656 ipsevero

231 1668 273 1737 in
290 1667 398 1738 sedili
409 1668 455 1736 ad
466 1652 887 1738 tabulatum'extremus
905 1665 1101 1750 decubuit,
1123 1666 1192 1756 pls·

232 1769 360 1859 risque
386 1779 518 1838 autem
541 1789 671 1836 somno
690 1767 895 1860 oppressis,
930 1767 976 1836 ab
999 1767 1095 1834 ostio
1110 1767 1193 1833 salu·

232 1883 356 1938 tatum
380 1883 454 1958 est,
481 1868 653 1938 omnibus
671 1867 1014 1951 dissimulantibus,
1042 1865 1195 1958 quodter

232 1968 415 2036 iteratum
428 1981 500 2037 est.
521 2047 525 2060 ¹
576 1971 677 2041 Tum
698 1963 938 2040 Thidrandus
961 1965 1130 2036 exsiliens
1148 1965 1194 2032 lo-

235 2068 380 2158 quitur:
407 2067 489 2138 hec
505 2087 639 2162 magna
652 2067 861 2161 ignominia
877 2082 943 2156 est,
969 2065 1195 2157 quodomnes

233 2167 407 2238 homines
424 2169 509 2259 heic
524 2189 700 2238 somnum
718 2169 910 2256 simulent,
928 2189 1017 2238 cum
1029 2164 1195 2234 credibile

233 2267 300 2356 sit,
324 2268 450 2339 adesse
471 2270 662 2350 convivas,
688 2268 753 2338 ille
768 2266 947 2388 sumtofin
961 2265 1195 2357 meaningle-

112 2439 115 2448 .
223 2367 317 2456 dio,
349 2368 555 2462 egreditur,
586 2367 687 2437 videt
715 2369 930 2453 neminem,
976 2388 1094 2458 quare
1113 2367 1147 2434 ei
1162 2365 1196 2434 in

234 2482 404 2538 mentem
412 2473 533 2556 venit,
550 2469 793 2553 convivarum
808 2468 1010 2538 nonnullos
1025 2466 1130 2558 equis
1142 2464 1196 2534 do-

200 2599 203 2606 ’
233 2567 405 2638 mamad
425 2567 749 2657 aedesproevectos,
772 2554 981 2663 deindeque
994 2566 1197 2636 obviamne-

137 2745 138 2755 ,
169 2719 171 2722 -
234 2667 347 2758 liquis
361 2681 527 2736 revectos
545 2689 643 2750 esse;
669 2681 754 2738 tum
772 2667 966 2762 lignorum
988 2679 1134 2736 struem
1149 2686 1197 2732 ac·

189 2800 192 2809 ·
237 2767 390 2856 cedens,
417 2767 575 2856 audivit,
602 2767 643 2836 in
662 2785 789 2836 aream
805 2791 827 2838 a
841 2769 956 2840 borsa
971 2767 1141 2860 equitari,
1153 2763 1197 2832 vi·

237 2867 366 2956 disque
390 2886 526 2936 novem
553 2867 677 2936 adesse
710 2866 889 2955 feminas,
936 2889 1066 2938 omues
1094 2864 1198 2959 nigris

235 2967 401 3036 vestibus
426 2968 593 3056 indutaS,
630 2967 776 3038 strictos
799 2969 941 3062 gladios
955 2967 1126 3038 manibus
1144 2985 1198 3057 ge-

236 3079 396 3152 stantes3
423 3069 565 3138 audivit
584 3081 621 3136 et
638 3070 677 3136 in
695 3089 821 3139 aream
840 3069 885 3141 ab
902 3064 1197 3160 austroequitari,

236 3189 445 3259 novemque
461 3169 550 3236 alias
570 3167 695 3236 adesse
717 3167 894 3258 seminas,
928 3190 1060 3238 omnes
1077 3163 1199 3236 lucidis

202 3336 203 3341 ,
236 3269 401 3336 vestibus
425 3268 591 3356 indutas,
612 3281 662 3335 set
687 3263 853 3338 candidis
876 3270 981 3360 equis
995 3267 1196 3336 insidentes.

239 3367 337 3435 Cum
369 3389 457 3436 vero
485 3366 722 3438 Thidrandus
752 3369 793 3436 in
826 3369 1046 3445 cubiculum
1066 3364 1200 3460 regredi

237 3470 368 3556 vellet,
403 3466 494 3557 quid
516 3467 667 3536 vidisset
690 3465 942 3556 indicaturus,
982 3467 1131 3537 femine
1150 3465 1201 3534 ni·

238 3587 351 3658 grum
366 3566 506 3635 indutae
525 3567 708 3636 amictum
727 3567 837 3636 eitius
853 3568 1023 3656 aderant,
1052 3586 1200 3656 eumque

236 3667 352 3735 armis
362 3667 604 3758 impetebant,
619 3667 687 3736 illo
706 3689 744 3737 se
759 3667 917 3738 viriliter
936 3681 1099 3759 tutante.
1113 3665 1200 3739 Mul·

238 3777 279 3833 to
297 3789 385 3836 vero
398 3781 483 3858 post
499 3767 731 3840 Thorhallus
749 3769 949 3862 evigilans,
973 3768 1138 3862 rogavit,
1161 3787 1202 3834 en

241 3865 479 3938 Thidrandus
495 3867 690 3961 vigilaret,
718 3890 882 3958 cumque
894 3870 1048 3938 nullum
1064 3887 1202 3958 respon·

240 3987 326 4037 sum
346 3967 551 4057 acciperet,
578 3967 690 4042 nimis
706 3966 899 4042 'tardatum
920 3969 955 4060 ¹)
973 3989 1075 4060 esse,
1104 3965 1203 4062 signi·

240 4097 267 4165 ¹)
278 4102 355 4150 nimis
376 4098 515 4160 domnitam
555 4097 583 4151 S.
