<?xml version="1.0" encoding="UTF-8"?>
<!DOCTYPE html PUBLIC "-//W3C//DTD XHTML 1.0 Transitional//EN"
    "http://www.w3.org/TR/xhtml1/DTD/xhtml1-transitional.dtd">
<html xmlns="http://www.w3.org/1999/xhtml" xml:lang="en" lang="en">
 <head>
  <title>
</title>
<meta http-equiv="Content-Type" content="text/html;charset=utf-8" />
  <meta name='ocr-system' content='tesseract 3.04.00' />
  <meta name='ocr-capabilities' content='ocr_page ocr_carea ocr_par ocr_line ocrx_word'/>
</head>
<body>
  <div class='ocr_page' id='page_1' title='image "./scriptahistoric00unkngoog_0053.png"; bbox 0 0 2550 4772; ppageno 0'>
   <div class='ocr_carea' id='block_1_1' title="bbox 299 255 1200 347">
    <p class='ocr_par' dir='ltr' id='par_1_1' title="bbox 299 255 1200 347">
     <span class='ocr_line' id='line_1_1' title="bbox 299 255 1200 347; baseline -0.008 -1"><span class='ocrx_word' id='word_1_1' title='bbox 299 255 357 346; x_wconf 87' lang='grc'>38</span> <span class='ocrx_word' id='word_1_2' title='bbox 511 277 518 290; x_wconf 88' lang='grc'>’</span> <span class='ocrx_word' id='word_1_3' title='bbox 579 269 849 346; x_wconf 79' lang='grc'><strong>·.·“·-“““““““</strong></span> <span class='ocrx_word' id='word_1_4' title='bbox 1099 274 1200 347; x_wconf 75' lang='lat'><strong>1550.</strong></span> 
     </span>
    </p>
   </div>
   <div class='ocr_carea' id='block_1_2' title="bbox 237 475 1216 1776">
    <p class='ocr_par' dir='ltr' id='par_1_2' title="bbox 237 475 1216 1776">
     <span class='ocr_line' id='line_1_2' title="bbox 239 475 1207 574; baseline -0.004 -22"><span class='ocrx_word' id='word_1_5' title='bbox 239 503 334 574; x_wconf 79' lang='lat' dir='ltr'>opus</span> <span class='ocrx_word' id='word_1_6' title='bbox 353 499 434 555; x_wconf 81' lang='lat' dir='ltr'>esse</span> <span class='ocrx_word' id='word_1_7' title='bbox 450 475 645 570; x_wconf 83' lang='lat' dir='ltr'><strong>intelligo,</strong></span> <span class='ocrx_word' id='word_1_8' title='bbox 679 489 725 548; x_wconf 88' lang='lat' dir='ltr'>ut</span> <span class='ocrx_word' id='word_1_9' title='bbox 736 500 869 554; x_wconf 84' lang='lat' dir='ltr'>meum</span> <span class='ocrx_word' id='word_1_10' title='bbox 883 477 1056 548; x_wconf 89' lang='lat' dir='ltr'>officium</span> <span class='ocrx_word' id='word_1_11' title='bbox 1078 496 1207 566; x_wconf 82' lang='lat' dir='ltr'>accep·</span> 
     </span>
     <span class='ocr_line' id='line_1_3' title="bbox 237 576 1209 669; baseline -0.002 -19"><span class='ocrx_word' id='word_1_12' title='bbox 237 597 339 669; x_wconf 79' lang='lat' dir='ltr'>tare,</span> <span class='ocrx_word' id='word_1_13' title='bbox 379 594 418 650; x_wconf 89' lang='lat' dir='ltr'>et</span> <span class='ocrx_word' id='word_1_14' title='bbox 434 602 456 648; x_wconf 87' lang='lat' dir='ltr'>a</span> <span class='ocrx_word' id='word_1_15' title='bbox 472 603 534 648; x_wconf 88' lang='lat' dir='ltr'>me</span> <span class='ocrx_word' id='word_1_16' title='bbox 549 601 661 648; x_wconf 72' lang='lat' dir='ltr'>saevas</span> <span class='ocrx_word' id='word_1_17' title='bbox 685 579 760 646; x_wconf 86' lang='lat' dir='ltr'>iras</span> <span class='ocrx_word' id='word_1_18' title='bbox 782 593 971 667; x_wconf 84' lang='lat' dir='ltr'>avertere,</span> <span class='ocrx_word' id='word_1_19' title='bbox 1008 599 1144 666; x_wconf 86' lang='lat' dir='ltr'>meque</span> <span class='ocrx_word' id='word_1_20' title='bbox 1164 576 1209 648; x_wconf 85' lang='lat' dir='ltr'>in</span> 
     </span>
     <span class='ocr_line' id='line_1_4' title="bbox 238 675 1209 773; baseline -0.008 -22"><span class='ocrx_word' id='word_1_21' title='bbox 238 679 401 773; x_wconf 83' lang='lat' dir='ltr'>imperio</span> <span class='ocrx_word' id='word_1_22' title='bbox 416 680 596 773; x_wconf 82' lang='lat' dir='ltr'>regiaque</span> <span class='ocrx_word' id='word_1_23' title='bbox 605 679 788 773; x_wconf 79' lang='lat' dir='ltr'>dignitate</span> <span class='ocrx_word' id='word_1_24' title='bbox 799 679 902 748; x_wconf 80' lang='lat' dir='ltr'>tueri</span> <span class='ocrx_word' id='word_1_25' title='bbox 915 680 1047 758; x_wconf 78' lang='lat' dir='ltr'>velint.</span> <span class='ocrx_word' id='word_1_26' title='bbox 1102 675 1209 769; x_wconf 85' lang='lat' dir='ltr'>Quod</span> 
     </span>
     <span class='ocr_line' id='line_1_5' title="bbox 241 774 1208 876; baseline -0.001 -24"><span class='ocrx_word' id='word_1_27' title='bbox 241 783 275 852; x_wconf 89' lang='lat' dir='ltr'>si</span> <span class='ocrx_word' id='word_1_28' title='bbox 288 781 405 876; x_wconf 78' lang='lat' dir='ltr'>igitur</span> <span class='ocrx_word' id='word_1_29' title='bbox 421 780 468 852; x_wconf 89' lang='lat' dir='ltr'>ad</span> <span class='ocrx_word' id='word_1_30' title='bbox 480 779 662 848; x_wconf 87' lang='lat' dir='ltr'>sacrificia</span> <span class='ocrx_word' id='word_1_31' title='bbox 680 780 949 858; x_wconf 83' lang='lat' dir='ltr'>revertendum</span> <span class='ocrx_word' id='word_1_32' title='bbox 971 795 1010 853; x_wconf 81' lang='lat' dir='ltr'>et</span> <span class='ocrx_word' id='word_1_33' title='bbox 1032 801 1122 851; x_wconf 85' lang='lat' dir='ltr'>cum</span> <span class='ocrx_word' id='word_1_34' title='bbox 1140 774 1208 852; x_wconf 75' lang='lat' dir='ltr'>diis</span> 
     </span>
     <span class='ocr_line' id='line_1_6' title="bbox 241 875 1210 975; baseline -0.004 -19"><span class='ocrx_word' id='word_1_35' title='bbox 241 883 282 956; x_wconf 85' lang='lat' dir='ltr'>in</span> <span class='ocrx_word' id='word_1_36' title='bbox 298 879 782 975; x_wconf 80' lang='lat' dir='ltr'>gratiamredeundumsit,</span> <span class='ocrx_word' id='word_1_37' title='bbox 808 881 914 950; x_wconf 86' lang='lat' dir='ltr'>sedet</span> <span class='ocrx_word' id='word_1_38' title='bbox 930 882 1076 966; x_wconf 88' lang='lat' dir='ltr'>animo,</span> <span class='ocrx_word' id='word_1_39' title='bbox 1097 875 1210 952; x_wconf 85' lang='lat' dir='ltr'>maxi·</span> 
     </span>
     <span class='ocr_line' id='line_1_7' title="bbox 242 975 1211 1072; baseline -0.012 -19"><span class='ocrx_word' id='word_1_40' title='bbox 242 1005 368 1071; x_wconf 84' lang='lat' dir='ltr'>mum,</span> <span class='ocrx_word' id='word_1_41' title='bbox 393 981 494 1072; x_wconf 88' lang='lat' dir='ltr'>quod</span> <span class='ocrx_word' id='word_1_42' title='bbox 512 981 687 1050; x_wconf 85' lang='lat' dir='ltr'>homines</span> <span class='ocrx_word' id='word_1_43' title='bbox 702 982 847 1070; x_wconf 82' lang='lat' dir='ltr'>solent,</span> <span class='ocrx_word' id='word_1_44' title='bbox 872 981 1084 1056; x_wconf 82' lang='lat' dir='ltr'>instaurare</span> <span class='ocrx_word' id='word_1_45' title='bbox 1103 975 1211 1046; x_wconf 53' lang='lat' dir='ltr'>sacrif</span> 
     </span>
     <span class='ocr_line' id='line_1_8' title="bbox 243 1077 1211 1166; baseline -0.006 -16"><span class='ocrx_word' id='word_1_46' title='bbox 243 1083 395 1166; x_wconf 68' lang='lat' dir='ltr'>ficium,</span> <span class='ocrx_word' id='word_1_47' title='bbox 422 1079 485 1164; x_wconf 75' lang='lat' dir='ltr'>cui</span> <span class='ocrx_word' id='word_1_48' title='bbox 501 1103 578 1150; x_wconf 88' lang='lat' dir='ltr'>non</span> <span class='ocrx_word' id='word_1_49' title='bbox 592 1081 691 1150; x_wconf 75' lang='lat' dir='ltr'>servi</span> <span class='ocrx_word' id='word_1_50' title='bbox 709 1095 775 1150; x_wconf 87' lang='lat' dir='ltr'>aut</span> <span class='ocrx_word' id='word_1_51' title='bbox 795 1081 960 1158; x_wconf 76' lang='lat' dir='ltr'>malefici</span> <span class='ocrx_word' id='word_1_52' title='bbox 976 1077 1211 1155; x_wconf 73' lang='lat' dir='ltr'>destinabum</span> 
     </span>
     <span class='ocr_line' id='line_1_9' title="bbox 244 1177 1212 1272; baseline -0.002 -20"><span class='ocrx_word' id='word_1_53' title='bbox 244 1198 325 1270; x_wconf 86' lang='lat' dir='ltr'>tur,</span> <span class='ocrx_word' id='word_1_54' title='bbox 365 1181 430 1270; x_wconf 86' lang='lat' dir='ltr'>sed</span> <span class='ocrx_word' id='word_1_55' title='bbox 443 1180 666 1260; x_wconf 82' lang='lat' dir='ltr'>nobilissimi</span> <span class='ocrx_word' id='word_1_56' title='bbox 684 1181 757 1250; x_wconf 73' lang='lat' dir='ltr'>tiri</span> <span class='ocrx_word' id='word_1_57' title='bbox 775 1195 814 1254; x_wconf 84' lang='lat' dir='ltr'>et</span> <span class='ocrx_word' id='word_1_58' title='bbox 826 1195 1001 1272; x_wconf 82' lang='lat' dir='ltr'>potentes</span> <span class='ocrx_word' id='word_1_59' title='bbox 1018 1177 1144 1252; x_wconf 82' lang='lat' dir='ltr'>coloni</span> <span class='ocrx_word' id='word_1_60' title='bbox 1158 1199 1212 1250; x_wconf 82' lang='lat' dir='ltr'>sa·-</span> 
     </span>
     <span class='ocr_line' id='line_1_10' title="bbox 246 1277 1211 1374; baseline -0.016 -15"><span class='ocrx_word' id='word_1_61' title='bbox 246 1281 438 1359; x_wconf 81' lang='lat' dir='ltr'>crificandi</span> <span class='ocrx_word' id='word_1_62' title='bbox 456 1294 495 1360; x_wconf 85' lang='lat' dir='ltr'>et</span> <span class='ocrx_word' id='word_1_63' title='bbox 516 1280 738 1358; x_wconf 80' lang='lat' dir='ltr'>immolandi</span> <span class='ocrx_word' id='word_1_64' title='bbox 753 1281 988 1374; x_wconf 67' lang='lat' dir='ltr'>deligantur,</span> <span class='ocrx_word' id='word_1_65' title='bbox 1016 1277 1211 1370; x_wconf 85' lang='lat' dir='ltr'>exquibus</span> 
     </span>
     <span class='ocr_line' id='line_1_11' title="bbox 245 1376 1214 1474; baseline -0.008 -22"><span class='ocrx_word' id='word_1_66' title='bbox 245 1382 473 1464; x_wconf 77' lang='lat' dir='ltr'>nominatim</span> <span class='ocrx_word' id='word_1_67' title='bbox 489 1383 637 1472; x_wconf 88' lang='lat' dir='ltr'>appello</span> <span class='ocrx_word' id='word_1_68' title='bbox 656 1383 816 1454; x_wconf 87' lang='lat' dir='ltr'>Ormum</span> <span class='ocrx_word' id='word_1_69' title='bbox 839 1383 1020 1474; x_wconf 86' lang='lat' dir='ltr'>Lyrgjam</span> <span class='ocrx_word' id='word_1_70' title='bbox 1036 1406 1057 1460; x_wconf 69' lang='lat' dir='ltr'>a</span> <span class='ocrx_word' id='word_1_71' title='bbox 1075 1376 1214 1460; x_wconf 74' lang='lat' dir='ltr'>Medat-</span> 
     </span>
     <span class='ocr_line' id='line_1_12' title="bbox 246 1477 1213 1582; baseline 0.005 -32"><span class='ocrx_word' id='word_1_72' title='bbox 246 1483 371 1572; x_wconf 87' lang='lat' dir='ltr'>husis,</span> <span class='ocrx_word' id='word_1_73' title='bbox 397 1481 613 1574; x_wconf 79' lang='lat' dir='ltr'>Styrkarem</span> <span class='ocrx_word' id='word_1_74' title='bbox 631 1506 652 1550; x_wconf 89' lang='lat' dir='ltr'>a</span> <span class='ocrx_word' id='word_1_75' title='bbox 675 1481 838 1570; x_wconf 85' lang='lat' dir='ltr'>Gimsis,</span> <span class='ocrx_word' id='word_1_76' title='bbox 872 1485 1010 1558; x_wconf 81' lang='lat' dir='ltr'>Karem</span> <span class='ocrx_word' id='word_1_77' title='bbox 1025 1507 1046 1550; x_wconf 91' lang='lat' dir='ltr'>a</span> <span class='ocrx_word' id='word_1_78' title='bbox 1064 1477 1213 1582; x_wconf 68' lang='lat' dir='ltr'>Grytinv</span> 
     </span>
     <span class='ocr_line' id='line_1_13' title="bbox 248 1571 1213 1676; baseline 0.001 -25"><span class='ocrx_word' id='word_1_79' title='bbox 248 1605 319 1676; x_wconf 85' lang='lat' dir='ltr'>go,</span> <span class='ocrx_word' id='word_1_80' title='bbox 355 1583 578 1669; x_wconf 75' lang='lat' dir='ltr'>Asbjdrnem</span> <span class='ocrx_word' id='word_1_81' title='bbox 602 1583 815 1675; x_wconf 84' lang='lat' dir='ltr'>Thorbergi</span> <span class='ocrx_word' id='word_1_82' title='bbox 840 1582 965 1660; x_wconf 81' lang='lat' dir='ltr'>filium</span> <span class='ocrx_word' id='word_1_83' title='bbox 994 1584 1040 1656; x_wconf 88' lang='lat' dir='ltr'>ab</span> <span class='ocrx_word' id='word_1_84' title='bbox 1063 1571 1213 1666; x_wconf 78' lang='lat' dir='ltr'>(imese,</span> 
     </span>
     <span class='ocr_line' id='line_1_14' title="bbox 251 1677 1216 1776; baseline -0.009 -22"><span class='ocrx_word' id='word_1_85' title='bbox 251 1685 447 1755; x_wconf 85' lang='lat' dir='ltr'>Ormuma</span> <span class='ocrx_word' id='word_1_86' title='bbox 464 1683 586 1776; x_wconf 74' lang='lat' dir='ltr'>Lyra,</span> <span class='ocrx_word' id='word_1_87' title='bbox 619 1682 829 1762; x_wconf 86' lang='lat' dir='ltr'>Haldorem</span> <span class='ocrx_word' id='word_1_88' title='bbox 849 1683 894 1760; x_wconf 90' lang='lat' dir='ltr'>ab</span> <span class='ocrx_word' id='word_1_89' title='bbox 920 1677 1216 1774; x_wconf 83' lang='lat' dir='ltr'>Skerdingssted-</span> 
     </span>
    </p>
   </div>
   <div class='ocr_carea' id='block_1_3' title="bbox 249 1781 1262 1873">
    <p class='ocr_par' dir='ltr' id='par_1_3' title="bbox 249 1781 1262 1873">
     <span class='ocr_line' id='line_1_15' title="bbox 249 1781 1262 1873; baseline -0.004 -23"><span class='ocrx_word' id='word_1_90' title='bbox 249 1783 309 1872; x_wconf 79' lang='lat' dir='ltr'>ja,</span> <span class='ocrx_word' id='word_1_91' title='bbox 355 1782 420 1873; x_wconf 87' lang='lat' dir='ltr'>qui</span> <span class='ocrx_word' id='word_1_92' title='bbox 439 1782 524 1854; x_wconf 87' lang='lat' dir='ltr'>heic</span> <span class='ocrx_word' id='word_1_93' title='bbox 551 1787 681 1856; x_wconf 84' lang='lat' dir='ltr'>omnes&#39;</span> <span class='ocrx_word' id='word_1_94' title='bbox 706 1783 851 1856; x_wconf 87' lang='lat' dir='ltr'>adsunt.</span> <span class='ocrx_word' id='word_1_95' title='bbox 903 1783 1051 1860; x_wconf 82' lang='lat' dir='ltr'>Deinde</span> <span class='ocrx_word' id='word_1_96' title='bbox 1067 1781 1132 1852; x_wconf 87' lang='lat' dir='ltr'>alii</span> <span class='ocrx_word' id='word_1_97' title='bbox 1152 1801 1215 1852; x_wconf 73' lang='lat' dir='ltr'>sex</span> <span class='ocrx_word' id='word_1_98' title='bbox 1261 1831 1262 1856; x_wconf 62' lang='lat'>,</span> 
     </span>
    </p>
   </div>
   <div class='ocr_carea' id='block_1_4' title="bbox 252 1873 1217 1976">
    <p class='ocr_par' dir='ltr' id='par_1_4' title="bbox 252 1873 1217 1976">
     <span class='ocr_line' id='line_1_16' title="bbox 252 1873 1217 1976; baseline -0.01 -18"><span class='ocrx_word' id='word_1_99' title='bbox 252 1906 299 1958; x_wconf 82' lang='lat' dir='ltr'>ex</span> <span class='ocrx_word' id='word_1_100' title='bbox 314 1873 502 1958; x_wconf 83' lang='lat' dir='ltr'>Thrandis</span> <span class='ocrx_word' id='word_1_101' title='bbox 517 1881 759 1958; x_wconf 87' lang='lat' dir='ltr'>interioribus</span> <span class='ocrx_word' id='word_1_102' title='bbox 770 1882 970 1976; x_wconf 83' lang='lat' dir='ltr'>eligentur,</span> <span class='ocrx_word' id='word_1_103' title='bbox 985 1882 1124 1962; x_wconf 85' lang='lat' dir='ltr'>summi</span> <span class='ocrx_word' id='word_1_104' title='bbox 1137 1879 1217 1972; x_wconf 89' lang='lat' dir='ltr'>qui.-</span> 
     </span>
    </p>
   </div>
   <div class='ocr_carea' id='block_1_5' title="bbox 252 1981 1262 2074">
    <p class='ocr_par' dir='ltr' id='par_1_5' title="bbox 252 1981 1262 2074">
     <span class='ocr_line' id='line_1_17' title="bbox 252 1981 1262 2074; baseline 0.004 -24"><span class='ocrx_word' id='word_1_105' title='bbox 252 2006 327 2074; x_wconf 88' lang='lat' dir='ltr'>que</span> <span class='ocrx_word' id='word_1_106' title='bbox 354 1982 425 2052; x_wconf 90' lang='lat' dir='ltr'>viri</span> <span class='ocrx_word' id='word_1_107' title='bbox 451 1995 489 2050; x_wconf 93' lang='lat' dir='ltr'>et</span> <span class='ocrx_word' id='word_1_108' title='bbox 514 1982 831 2067; x_wconf 73' lang='lat' dir='ltr'>aestumatissimi3</span> <span class='ocrx_word' id='word_1_109' title='bbox 871 1984 937 2074; x_wconf 90' lang='lat' dir='ltr'>qui</span> <span class='ocrx_word' id='word_1_110' title='bbox 961 2005 1091 2052; x_wconf 87' lang='lat' dir='ltr'>omnes</span> <span class='ocrx_word' id='word_1_111' title='bbox 1110 1983 1215 2058; x_wconf 79' lang='lat' dir='ltr'>bonae</span> <span class='ocrx_word' id='word_1_112' title='bbox 1261 1981 1262 1992; x_wconf 43' lang='lat'><strong>³</strong></span> 
     </span>
    </p>
   </div>
   <div class='ocr_carea' id='block_1_6' title="bbox 191 2081 1218 2572">
    <p class='ocr_par' dir='ltr' id='par_1_6' title="bbox 191 2081 1218 2572">
     <span class='ocr_line' id='line_1_18' title="bbox 252 2081 1216 2176; baseline 0.002 -24"><span class='ocrx_word' id='word_1_113' title='bbox 252 2105 411 2162; x_wconf 83' lang='lat' dir='ltr'>annonae</span> <span class='ocrx_word' id='word_1_114' title='bbox 437 2081 614 2174; x_wconf 87' lang='lat' dir='ltr'>pacisque</span> <span class='ocrx_word' id='word_1_115' title='bbox 642 2103 730 2176; x_wconf 83' lang='lat' dir='ltr'>ergo</span> <span class='ocrx_word' id='word_1_116' title='bbox 754 2082 1064 2160; x_wconf 84' lang='lat' dir='ltr'>immolabuntur.</span> <span class='ocrx_word' id='word_1_117' title='bbox 1125 2083 1216 2173; x_wconf 84' lang='lat' dir='ltr'>Qvo·</span> 
     </span>
     <span class='ocr_line' id='line_1_19' title="bbox 252 2180 1217 2275; baseline 0.002 -25"><span class='ocrx_word' id='word_1_118' title='bbox 252 2183 356 2260; x_wconf 82' lang='lat' dir='ltr'>niam</span> <span class='ocrx_word' id='word_1_119' title='bbox 370 2204 457 2252; x_wconf 88' lang='lat' dir='ltr'>vero</span> <span class='ocrx_word' id='word_1_120' title='bbox 474 2203 612 2274; x_wconf 78' lang='lat' dir='ltr'>urgens</span> <span class='ocrx_word' id='word_1_121' title='bbox 625 2183 826 2262; x_wconf 74' lang='lat' dir='ltr'>necessitas</span> <span class='ocrx_word' id='word_1_122' title='bbox 843 2187 1028 2275; x_wconf 86' lang='lat' dir='ltr'>postulat,</span> <span class='ocrx_word' id='word_1_123' title='bbox 1041 2195 1086 2254; x_wconf 88' lang='lat' dir='ltr'>ut</span> <span class='ocrx_word' id='word_1_124' title='bbox 1099 2180 1217 2258; x_wconf 78' lang='lat' dir='ltr'>,infen-</span> 
     </span>
     <span class='ocr_line' id='line_1_20' title="bbox 254 2280 1217 2376; baseline -0.004 -24"><span class='ocrx_word' id='word_1_125' title='bbox 254 2305 312 2360; x_wconf 84' lang='lat' dir='ltr'>sos</span> <span class='ocrx_word' id='word_1_126' title='bbox 337 2282 663 2364; x_wconf 31' lang='lat' dir='ltr'>deorumnanimos</span> <span class='ocrx_word' id='word_1_127' title='bbox 681 2283 870 2374; x_wconf 83' lang='lat' dir='ltr'>iramque,</span> <span class='ocrx_word' id='word_1_128' title='bbox 906 2308 1020 2376; x_wconf 78' lang='lat' dir='ltr'>quam</span> <span class='ocrx_word' id='word_1_129' title='bbox 1037 2280 1217 2372; x_wconf 82' lang='lat' dir='ltr'>multipli-</span> 
     </span>
     <span class='ocr_line' id='line_1_21' title="bbox 191 2381 1216 2476; baseline 0.002 -24"><span class='ocrx_word' id='word_1_130' title='bbox 191 2425 200 2442; x_wconf 86' lang='lat'><strong>·</strong></span> <span class='ocrx_word' id='word_1_131' title='bbox 255 2383 359 2452; x_wconf 85' lang='lat' dir='ltr'>cibus</span> <span class='ocrx_word' id='word_1_132' title='bbox 380 2382 525 2460; x_wconf 83' lang='lat' dir='ltr'>delictis</span> <span class='ocrx_word' id='word_1_133' title='bbox 545 2383 681 2454; x_wconf 84' lang='lat' dir='ltr'>nostris</span> <span class='ocrx_word' id='word_1_134' title='bbox 702 2397 739 2452; x_wconf 88' lang='lat' dir='ltr'>et</span> <span class='ocrx_word' id='word_1_135' title='bbox 752 2383 905 2462; x_wconf 74' lang='lat' dir='ltr'>inimica</span> <span class='ocrx_word' id='word_1_136' title='bbox 921 2385 1057 2476; x_wconf 75' lang='lat' dir='ltr'>agendi</span> <span class='ocrx_word' id='word_1_137' title='bbox 1074 2381 1216 2462; x_wconf 80' lang='lat' dir='ltr'>ratione</span> 
     </span>
     <span class='ocr_line' id='line_1_22' title="bbox 253 2481 1218 2572; baseline -0.004 -20"><span class='ocrx_word' id='word_1_138' title='bbox 253 2483 295 2552; x_wconf 89' lang='lat' dir='ltr'>in</span> <span class='ocrx_word' id='word_1_139' title='bbox 310 2505 377 2552; x_wconf 87' lang='lat' dir='ltr'>nos</span> <span class='ocrx_word' id='word_1_140' title='bbox 395 2483 459 2562; x_wconf 84' lang='lat' dir='ltr'>diu</span> <span class='ocrx_word' id='word_1_141' title='bbox 476 2483 776 2572; x_wconf 66' lang='lat' dir='ltr'>exasperavimus</span> <span class='ocrx_word' id='word_1_142' title='bbox 791 2497 828 2551; x_wconf 89' lang='lat' dir='ltr'>et</span> <span class='ocrx_word' id='word_1_143' title='bbox 843 2486 1129 2570; x_wconf 72' lang='lat' dir='ltr'>concitavimuS,</span> <span class='ocrx_word' id='word_1_144' title='bbox 1156 2481 1218 2560; x_wconf 83' lang='lat' dir='ltr'>ali-</span> 
     </span>
    </p>
   </div>
   <div class='ocr_carea' id='block_1_7' title="bbox 250 2582 1261 2778">
    <p class='ocr_par' dir='ltr' id='par_1_7' title="bbox 250 2582 1261 2778">
     <span class='ocr_line' id='line_1_23' title="bbox 250 2582 1261 2672; baseline 0.006 -22"><span class='ocrx_word' id='word_1_145' title='bbox 250 2595 459 2672; x_wconf 78' lang='lat' dir='ltr'>quatenus,</span> <span class='ocrx_word' id='word_1_146' title='bbox 493 2582 524 2650; x_wconf 89' lang='lat' dir='ltr'>si</span> <span class='ocrx_word' id='word_1_147' title='bbox 545 2605 622 2650; x_wconf 88' lang='lat' dir='ltr'>non</span> <span class='ocrx_word' id='word_1_148' title='bbox 639 2583 709 2662; x_wconf 77' lang='lat' dir='ltr'>hae</span> <span class='ocrx_word' id='word_1_149' title='bbox 729 2585 808 2656; x_wconf 83' lang='lat' dir='ltr'>vice</span> <span class='ocrx_word' id='word_1_150' title='bbox 824 2585 1027 2658; x_wconf 85' lang='lat' dir='ltr'>admodum</span> <span class='ocrx_word' id='word_1_151' title='bbox 1045 2586 1217 2668; x_wconf 84' lang='lat' dir='ltr'>multum,</span> <span class='ocrx_word' id='word_1_152' title='bbox 1260 2631 1261 2656; x_wconf 72' lang='lat' dir='ltr'>t</span> 
     </span>
     <span class='ocr_line' id='line_1_24' title="bbox 255 2675 1261 2778; baseline -0.002 -28"><span class='ocrx_word' id='word_1_153' title='bbox 255 2682 494 2774; x_wconf 71' lang='lat' dir='ltr'>mitigemus,</span> <span class='ocrx_word' id='word_1_154' title='bbox 541 2682 696 2772; x_wconf 80' lang='lat' dir='ltr'>deinde,</span> <span class='ocrx_word' id='word_1_155' title='bbox 735 2687 851 2754; x_wconf 81' lang='lat' dir='ltr'>altera</span> <span class='ocrx_word' id='word_1_156' title='bbox 876 2700 1004 2777; x_wconf 88' lang='lat' dir='ltr'>parte,</span> <span class='ocrx_word' id='word_1_157' title='bbox 1044 2683 1219 2778; x_wconf 88' lang='lat' dir='ltr'>quoniam</span> <span class='ocrx_word' id='word_1_158' title='bbox 1260 2675 1261 2712; x_wconf 60' lang='lat'>³</span> 
     </span>
    </p>
   </div>
   <div class='ocr_carea' id='block_1_8' title="bbox 255 2780 1221 3382">
    <p class='ocr_par' dir='ltr' id='par_1_8' title="bbox 255 2780 1221 3382">
     <span class='ocr_line' id='line_1_25' title="bbox 255 2780 1219 2878; baseline -0.003 -28"><span class='ocrx_word' id='word_1_159' title='bbox 255 2783 357 2850; x_wconf 82' lang='lat' dir='ltr'>vobis</span> <span class='ocrx_word' id='word_1_160' title='bbox 377 2805 475 2856; x_wconf 84' lang='lat' dir='ltr'>curae</span> <span class='ocrx_word' id='word_1_161' title='bbox 496 2806 575 2852; x_wconf 84' lang='lat' dir='ltr'>esse</span> <span class='ocrx_word' id='word_1_162' title='bbox 590 2804 658 2873; x_wconf 85' lang='lat' dir='ltr'>par</span> <span class='ocrx_word' id='word_1_163' title='bbox 676 2797 751 2878; x_wconf 81' lang='lat' dir='ltr'>est,</span> <span class='ocrx_word' id='word_1_164' title='bbox 779 2798 822 2856; x_wconf 93' lang='lat' dir='ltr'>ut</span> <span class='ocrx_word' id='word_1_165' title='bbox 835 2785 880 2858; x_wconf 80' lang='lat' dir='ltr'>ab</span> <span class='ocrx_word' id='word_1_166' title='bbox 896 2786 943 2866; x_wconf 74' lang='lat' dir='ltr'>&#39;iis</span> <span class='ocrx_word' id='word_1_167' title='bbox 964 2786 1079 2862; x_wconf 83' lang='lat' dir='ltr'>vestri</span> <span class='ocrx_word' id='word_1_168' title='bbox 1108 2780 1219 2861; x_wconf 82' lang='lat' dir='ltr'>officii</span> 
     </span>
     <span class='ocr_line' id='line_1_26' title="bbox 256 2881 1217 2976; baseline 0.009 -26"><span class='ocrx_word' id='word_1_169' title='bbox 256 2881 411 2973; x_wconf 83' lang='lat' dir='ltr'>praemia</span> <span class='ocrx_word' id='word_1_170' title='bbox 432 2883 653 2974; x_wconf 83' lang='lat' dir='ltr'>reportetis,</span> <span class='ocrx_word' id='word_1_171' title='bbox 692 2907 829 2976; x_wconf 79' lang='lat' dir='ltr'>nempe</span> <span class='ocrx_word' id='word_1_172' title='bbox 851 2899 895 2964; x_wconf 91' lang='lat' dir='ltr'>ut</span> <span class='ocrx_word' id='word_1_173' title='bbox 920 2909 1052 2968; x_wconf 80' lang='lat' dir='ltr'>eorum</span> <span class='ocrx_word' id='word_1_174' title='bbox 1078 2881 1217 2958; x_wconf 81' lang='lat' dir='ltr'>deliciis</span> 
     </span>
     <span class='ocr_line' id='line_1_27' title="bbox 258 2983 1219 3076; baseline 0.002 -27"><span class='ocrx_word' id='word_1_175' title='bbox 258 2997 295 3055; x_wconf 81' lang='lat' dir='ltr'>et</span> <span class='ocrx_word' id='word_1_176' title='bbox 310 2983 518 3072; x_wconf 81' lang='lat' dir='ltr'>consortia,</span> <span class='ocrx_word' id='word_1_177' title='bbox 555 2985 655 3074; x_wconf 85' lang='lat' dir='ltr'>quod</span> <span class='ocrx_word' id='word_1_178' title='bbox 677 2987 835 3064; x_wconf 83' lang='lat' dir='ltr'>tamdiu</span> <span class='ocrx_word' id='word_1_179' title='bbox 853 2987 957 3060; x_wconf 86' lang='lat' dir='ltr'>omni</span> <span class='ocrx_word' id='word_1_180' title='bbox 974 2985 1097 3060; x_wconf 88' lang='lat' dir='ltr'>studio</span> <span class='ocrx_word' id='word_1_181' title='bbox 1114 3006 1219 3076; x_wconf 84' lang='lat' dir='ltr'>expe-</span> 
     </span>
     <span class='ocr_line' id='line_1_28' title="bbox 257 3081 1217 3180; baseline -0.004 -28"><span class='ocrx_word' id='word_1_182' title='bbox 257 3081 414 3172; x_wconf 77' lang='lat' dir='ltr'>tivistis,</span> <span class='ocrx_word' id='word_1_183' title='bbox 452 3083 712 3166; x_wconf 78' lang='lat' dir='ltr'>adsociemiui:</span> <span class='ocrx_word' id='word_1_184' title='bbox 748 3108 885 3166; x_wconf 78' lang='lat' dir='ltr'>nuuce</span> <span class='ocrx_word' id='word_1_185' title='bbox 913 3087 1070 3180; x_wconf 83' lang='lat' dir='ltr'>vestigio</span> <span class='ocrx_word' id='word_1_186' title='bbox 1092 3085 1217 3170; x_wconf 76' lang='lat' dir='ltr'>invoS,</span> 
     </span>
     <span class='ocr_line' id='line_1_29' title="bbox 259 3183 1218 3278; baseline 0 -28"><span class='ocrx_word' id='word_1_187' title='bbox 259 3183 324 3273; x_wconf 84' lang='lat' dir='ltr'>qui</span> <span class='ocrx_word' id='word_1_188' title='bbox 339 3183 470 3262; x_wconf 76' lang='lat' dir='ltr'>hostire</span> <span class='ocrx_word' id='word_1_189' title='bbox 489 3183 558 3266; x_wconf 80' lang='lat' dir='ltr'>diis</span> <span class='ocrx_word' id='word_1_190' title='bbox 577 3185 716 3264; x_wconf 83' lang='lat' dir='ltr'>addicti</span> <span class='ocrx_word' id='word_1_191' title='bbox 733 3186 839 3274; x_wconf 87' lang='lat' dir='ltr'>estis,</span> <span class='ocrx_word' id='word_1_192' title='bbox 866 3185 1033 3278; x_wconf 84' lang='lat' dir='ltr'>impetus</span> <span class='ocrx_word' id='word_1_193' title='bbox 1049 3187 1128 3273; x_wconf 79' lang='lat' dir='ltr'>fiet,</span> <span class='ocrx_word' id='word_1_194' title='bbox 1142 3205 1218 3256; x_wconf 89' lang='lat' dir='ltr'>vos-</span> 
     </span>
     <span class='ocr_line' id='line_1_30' title="bbox 259 3284 1221 3382; baseline 0.008 -32"><span class='ocrx_word' id='word_1_195' title='bbox 259 3306 331 3374; x_wconf 91' lang='lat' dir='ltr'>que</span> <span class='ocrx_word' id='word_1_196' title='bbox 349 3307 462 3374; x_wconf 85' lang='lat' dir='ltr'>quam</span> <span class='ocrx_word' id='word_1_197' title='bbox 473 3284 651 3359; x_wconf 87' lang='lat' dir='ltr'>citissime</span> <span class='ocrx_word' id='word_1_198' title='bbox 661 3286 941 3366; x_wconf 78' lang='lat' dir='ltr'>interficiemini</span> <span class='ocrx_word' id='word_1_199' title='bbox 956 3301 1068 3382; x_wconf 82' lang='lat' dir='ltr'>atque</span> <span class='ocrx_word' id='word_1_200' title='bbox 1086 3285 1221 3364; x_wconf 73' lang='lat' dir='ltr'>adbea·</span> 
     </span>
    </p>
   </div>
   <div class='ocr_carea' id='block_1_9' title="bbox 258 3381 1260 3478">
    <p class='ocr_par' dir='ltr' id='par_1_9' title="bbox 258 3381 1260 3478">
     <span class='ocr_line' id='line_1_31' title="bbox 258 3381 1260 3478; baseline 0.003 -29"><span class='ocrx_word' id='word_1_201' title='bbox 258 3381 477 3478; x_wconf 77' lang='lat' dir='ltr'>titudinem,</span> <span class='ocrx_word' id='word_1_202' title='bbox 504 3408 618 3475; x_wconf 86' lang='lat' dir='ltr'>quam</span> <span class='ocrx_word' id='word_1_203' title='bbox 634 3387 735 3464; x_wconf 82' lang='lat' dir='ltr'>vobis</span> <span class='ocrx_word' id='word_1_204' title='bbox 746 3410 814 3478; x_wconf 79' lang='lat' dir='ltr'>pro</span> <span class='ocrx_word' id='word_1_205' title='bbox 832 3385 1017 3478; x_wconf 77' lang='lat' dir='ltr'>perpetuo</span> <span class='ocrx_word' id='word_1_206' title='bbox 1031 3401 1152 3459; x_wconf 86' lang='lat' dir='ltr'>vestro</span> <span class='ocrx_word' id='word_1_207' title='bbox 1164 3385 1221 3456; x_wconf 93' lang='lat' dir='ltr'>de·</span> <span class='ocrx_word' id='word_1_208' title='bbox 1259 3413 1260 3416; x_wconf 42' lang='lat'>¹</span> 
     </span>
    </p>
   </div>
   <div class='ocr_carea' id='block_1_10' title="bbox 231 3483 1220 4188">
    <p class='ocr_par' dir='ltr' id='par_1_10' title="bbox 231 3483 1220 4188">
     <span class='ocr_line' id='line_1_32' title="bbox 259 3483 1220 3580; baseline 0.005 -30"><span class='ocrx_word' id='word_1_209' title='bbox 259 3483 1220 3580; x_wconf 82' lang='lat' dir='ltr'>votoqueofficiopraestabunt,delegabimini.Neque</span> 
     </span>
     <span class='ocr_line' id='line_1_33' title="bbox 261 3585 1218 3678; baseline 0.006 -26"><span class='ocrx_word' id='word_1_210' title='bbox 261 3606 353 3674; x_wconf 89' lang='lat' dir='ltr'>opus</span> <span class='ocrx_word' id='word_1_211' title='bbox 372 3595 444 3678; x_wconf 87' lang='lat' dir='ltr'>est,</span> <span class='ocrx_word' id='word_1_212' title='bbox 477 3597 520 3652; x_wconf 93' lang='lat' dir='ltr'>ut</span> <span class='ocrx_word' id='word_1_213' title='bbox 535 3585 581 3664; x_wconf 81' lang='lat' dir='ltr'>ad</span> <span class='ocrx_word' id='word_1_214' title='bbox 598 3585 678 3664; x_wconf 84' lang='lat' dir='ltr'>haec</span> <span class='ocrx_word' id='word_1_215' title='bbox 694 3609 778 3668; x_wconf 82' lang='lat' dir='ltr'>mea</span> <span class='ocrx_word' id='word_1_216' title='bbox 798 3589 912 3668; x_wconf 80' lang='lat' dir='ltr'>verba</span> <span class='ocrx_word' id='word_1_217' title='bbox 925 3590 1064 3670; x_wconf 79' lang='lat' dir='ltr'>multos</span> <span class='ocrx_word' id='word_1_218' title='bbox 1081 3588 1218 3662; x_wconf 81' lang='lat' dir='ltr'>colores</span> 
     </span>
     <span class='ocr_line' id='line_1_34' title="bbox 259 3683 1219 3780; baseline 0.002 -30"><span class='ocrx_word' id='word_1_219' title='bbox 259 3683 491 3774; x_wconf 65' lang='lat' dir='ltr'>pallescatist</span> <span class='ocrx_word' id='word_1_220' title='bbox 525 3708 613 3754; x_wconf 85' lang='lat' dir='ltr'>nam</span> <span class='ocrx_word' id='word_1_221' title='bbox 634 3685 666 3752; x_wconf 85' lang='lat' dir='ltr'>si</span> <span class='ocrx_word' id='word_1_222' title='bbox 682 3685 733 3756; x_wconf 91' lang='lat' dir='ltr'>dii</span> <span class='ocrx_word' id='word_1_223' title='bbox 747 3688 880 3776; x_wconf 89' lang='lat' dir='ltr'>vestri,</span> <span class='ocrx_word' id='word_1_224' title='bbox 908 3687 1219 3780; x_wconf 84' lang='lat' dir='ltr'>quemadmodum</span> 
     </span>
     <span class='ocr_line' id='line_1_35' title="bbox 262 3783 1218 3884; baseline 0.003 -34"><span class='ocrx_word' id='word_1_225' title='bbox 262 3783 404 3874; x_wconf 68' lang='lat' dir='ltr'>dicitu,</span> <span class='ocrx_word' id='word_1_226' title='bbox 430 3783 520 3853; x_wconf 91' lang='lat' dir='ltr'>boni</span> <span class='ocrx_word' id='word_1_227' title='bbox 538 3799 576 3864; x_wconf 85' lang='lat' dir='ltr'>et</span> <span class='ocrx_word' id='word_1_228' title='bbox 593 3799 765 3884; x_wconf 86' lang='lat' dir='ltr'>potentes</span> <span class='ocrx_word' id='word_1_229' title='bbox 783 3802 887 3880; x_wconf 90' lang='lat' dir='ltr'>sunt,</span> <span class='ocrx_word' id='word_1_230' title='bbox 925 3802 1105 3864; x_wconf 75' lang='lat' dir='ltr'>aeternam</span> <span class='ocrx_word' id='word_1_231' title='bbox 1120 3785 1218 3856; x_wconf 89' lang='lat' dir='ltr'>vobis</span> 
     </span>
     <span class='ocr_line' id='line_1_36' title="bbox 231 3881 1219 3982; baseline 0.005 -32"><span class='ocrx_word' id='word_1_232' title='bbox 231 3961 233 3968; x_wconf 29' lang='grc' dir='ltr'>Ι</span> <span class='ocrx_word' id='word_1_233' title='bbox 260 3881 479 3958; x_wconf 83' lang='lat' dir='ltr'>beatitatem</span> <span class='ocrx_word' id='word_1_234' title='bbox 493 3886 674 3954; x_wconf 89' lang='lat' dir='ltr'>mercedis</span> <span class='ocrx_word' id='word_1_235' title='bbox 693 3889 775 3958; x_wconf 84' lang='lat' dir='ltr'>ioco</span> <span class='ocrx_word' id='word_1_236' title='bbox 797 3891 1047 3982; x_wconf 75' lang='lat' dir='ltr'>praestabunt,</span> <span class='ocrx_word' id='word_1_237' title='bbox 1071 3910 1219 3982; x_wconf 87' lang='lat' dir='ltr'>praeser-</span> 
     </span>
     <span class='ocr_line' id='line_1_37' title="bbox 261 3983 1219 4080; baseline 0.006 -30"><span class='ocrx_word' id='word_1_238' title='bbox 261 3983 378 4054; x_wconf 79' lang='lat' dir='ltr'>timei</span> <span class='ocrx_word' id='word_1_239' title='bbox 394 4007 526 4056; x_wconf 90' lang='lat' dir='ltr'>eorum</span> <span class='ocrx_word' id='word_1_240' title='bbox 546 4009 672 4077; x_wconf 86' lang='lat' dir='ltr'>causa,</span> <span class='ocrx_word' id='word_1_241' title='bbox 709 4004 846 4080; x_wconf 85' lang='lat' dir='ltr'>praeter</span> <span class='ocrx_word' id='word_1_242' title='bbox 862 3990 977 4059; x_wconf 87' lang='lat' dir='ltr'>totius</span> <span class='ocrx_word' id='word_1_243' title='bbox 1003 3993 1088 4058; x_wconf 82' lang='lat' dir='ltr'>vitae</span> <span class='ocrx_word' id='word_1_244' title='bbox 1116 4011 1219 4060; x_wconf 86' lang='lat' dir='ltr'>exan-</span> 
     </span>
     <span class='ocr_line' id='line_1_38' title="bbox 259 4086 1219 4188; baseline 0.004 -35"><span class='ocrx_word' id='word_1_245' title='bbox 259 4087 371 4154; x_wconf 87' lang='lat' dir='ltr'>tlatos</span> <span class='ocrx_word' id='word_1_246' title='bbox 382 4086 545 4176; x_wconf 87' lang='lat' dir='ltr'>labores,</span> <span class='ocrx_word' id='word_1_247' title='bbox 570 4091 834 4188; x_wconf 86' lang='lat' dir='ltr'>necem-etiam</span> <span class='ocrx_word' id='word_1_248' title='bbox 853 4092 1062 4184; x_wconf 85' lang='lat' dir='ltr'>patiemini.</span> <span class='ocrx_word' id='word_1_249' title='bbox 1117 4086 1219 4186; x_wconf 88' lang='lat' dir='ltr'>Quod</span> 
     </span>
    </p>
   </div>
   <div class='ocr_carea' id='block_1_11' title="bbox 0 0 1302 4772">
    <p class='ocr_par' dir='ltr' id='par_1_11' title="bbox 0 0 1302 4772">
     <span class='ocr_line' id='line_1_39' title="bbox 0 0 1302 4772; baseline 0 0"><span class='ocrx_word' id='word_1_250' title='bbox 0 0 1302 4772; x_wconf 95' lang='lat' dir='ltr'> </span> 
     </span>
    </p>
   </div>
  </div>
 </body>
</html>
