2508 4766
312 228 398 316 162
592 242 866 320 ἈΞ-Ξ,
1097 246 1155 312 210
1170 249 1199 308 c.

247 461 308 548 jus
320 475 414 548 opus
428 466 545 540 asset,
572 448 831 522 comitabatur.
896 458 986 525 Erat
997 457 1143 528 Raudus
1154 483 1198 529 sa-

249 557 480 628 crificiornm
501 551 866 641 observantissimus,
890 568 928 621 et
941 557 1078 626 artium
1096 562 1198 650 magi·

248 681 380 727 carum
395 652 657 746 peritissimus,
675 650 849 742 viroque,
876 655 982 740 cujus
994 679 1199 748 suprameu-

248 759 303 828 tio
316 756 435 844 facta,
462 751 631 824 Thorere
650 749 767 819 Cervo
780 753 899 842 dicto,
925 761 1199 850 Vagorumprae-

249 855 338 946 sidi,
363 853 497 924 intima
512 853 663 939 junctus
677 851 863 940 amicitia,
895 854 938 922 hi
957 859 1065 925 ambo
1079 860 1199 946 princi-

248 981 343 1050 pum
367 955 536 1024 virorum
560 963 667 1019 erant
686 951 852 1022 maximi.
918 956 1012 1046 Qui,
1041 959 1200 1026 certiores

247 1055 355 1142 facti,
381 1073 511 1148 regern
529 1053 689 1122 olavum
707 1075 793 1122 cum
809 1067 951 1122 armata
966 1079 1081 1124 manu
1093 1059 1133 1125 ab
1146 1083 1200 1126 au-

249 1175 325 1228 stro
340 1153 541 1246 Halogiam
558 1151 808 1244 circumvehi,
834 1153 957 1246 copias
968 1170 1124 1248 cogunt,
1146 1184 1199 1227 na-

248 1281 310 1328 ves
341 1257 547 1346 imperant,
587 1265 625 1320 et
654 1273 790 1344 magno
825 1253 1012 1344 stipantur
1039 1259 1197 1326 exercitu.

248 1365 338 1431 Erat
358 1351 488 1425 Raudo
504 1353 613 1422 draco
633 1351 752 1443 (navis
768 1353 920 1444 bellica)
940 1353 1094 1447 ingens,
1117 1359 1200 1448 capi-

249 1459 349 1527 tibus
370 1453 570 1540 inauratis,
597 1453 754 1546 triginta
775 1453 1040 1522 interscalmiis
1057 1455 1202 1524 instruc-

249 1575 328 1645 tus,
363 1568 474 1646 atque
500 1549 664 1648 ingentis
686 1575 754 1643 pro
771 1553 844 1622 hoc
859 1578 1020 1624 numero
1033 1557 1201 1649 magnitu-

250 1657 356 1728 dinis.
410 1649 610 1746 Ingentem
626 1675 776 1742 quoque
793 1677 927 1722 navem
944 1653 1102 1724 ducebat
1117 1660 1202 1728 Tho-

251 1783 312 1828 rer
326 1756 476 1824 Cervus
529 1752 581 1823 Hi
600 1753 716 1820 classe
730 1769 900 1823 austrum
908 1777 1034 1822 versus
1044 1757 1122 1850 regi
1131 1759 1203 1824 Ola-

250 1882 297 1926 vo
317 1853 463 1924 obviarn
490 1851 607 1940 vecti,
642 1867 686 1920 ut
712 1854 881 1945 primum
907 1854 1033 1923 hostes
1059 1857 1203 1926 offende-

251 1971 357 2044 runt,
383 1958 514 2048 regetri
529 1952 659 2043 praeiio
678 1954 957 2048 aggrediuntur.
1021 1954 1144 2024 Oritur
1159 1957 1203 2022 ibi

250 2077 433 2150 magnum
448 2076 608 2144 aereque
624 2063 835 2140 certarnen,
862 2077 950 2123 mox
964 2055 1080 2146 copiis
1098 2057 1204 2124 etbui-

251 2180 383 2242 corum
401 2168 525 2246 strage
538 2151 696 2244 attritis,
722 2156 954 2246 navibusque
972 2155 1094 2224 milite
1105 2155 1205 2224 nuda·

250 2259 319 2346 tis,
346 2255 469 2324 subito
486 2276 623 2344 pavore
635 2269 830 2345 correptus
842 2253 1026 2322 exercitus
1044 2255 1207 2348 infugam

252 2383 291 2430 se
302 2353 474 2442 conjecit.
525 2353 678 2424 Raudus
694 2377 781 2423 cum
798 2353 957 2423 dracone
972 2378 1037 2423 suo
1052 2355 1092 2424 in
1103 2357 1207 2424 altum

251 2477 470 2554 properans,
496 2455 577 2521 vela
594 2453 712 2522 ventis
730 2453 816 2523 dare
831 2454 961 2542 jussit,
975 2455 1037 2522 hic
1056 2478 1207 2546 quocun·
1239 2545 1240 2550 ἵ

253 2583 325 2652 que
345 2553 519 2647 navigare
534 2551 668 2641 vellet,
700 2570 855 2624 ventum
869 2553 1076 2625 secundum
1091 2569 1206 2625 nactus
1239 2553 1240 2615 i

253 2673 330 2744 est,
358 2678 428 2746 ope
448 2651 582 2746 magiae
605 2675 681 2720 suae
698 2665 736 2721 et
748 2653 1056 2723 incantationum.
1106 2659 1154 2726 Ut
1169 2655 1207 2722 de

253 2755 390 2826 itinere
409 2751 530 2824 Raudi
547 2751 675 2844 paucis
694 2753 882 2844 dicamuS,
919 2777 962 2822 eo
984 2777 1103 2846 usque
1120 2755 1207 2824 navi·

254 2855 374 2956 gavit,
418 2853 535 2922 donec
566 2853 720 2922 domum
748 2854 788 2922 iu
817 2855 1010 2947 Godeyam
1037 2847 1204 2948 pervenit.

255 2957 405 3030 Thorer
423 2953 562 3022 Cervus
581 2977 669 3022 cum
684 2955 761 3022 suis
779 2953 894 3046 copiis
913 2955 957 3022 ad
974 2969 1117 3024 terram
1132 2955 1207 3046 fuga

255 3057 455 3150 appulsus,
505 3053 558 3121 ibi
591 3077 678 3122 curn
704 3055 780 3122 suis
807 3079 826 3122 e
859 3053 1012 3124 navibus
1044 3056 1205 3126 cucurrit.
1237 3039 1238 3121 i

256 3162 357 3252 Qubs
372 3170 590 3246 persecutus
608 3155 828 3224 reuolavus
845 3155 1043 3226 interram
1058 3153 1207 3226 escendit

257 3281 345 3326 curn
362 3255 456 3346 suis,
482 3247 671 3350 fugientes
690 3255 929 3345 persequitur
947 3270 984 3323 et
997 3256 1116 3325 caedit.
1142 3257 1207 3326 Rex
1236 3327 1237 3375 1

257 3355 393 3426 Olavus
409 3369 551 3424 ceteros
564 3375 673 3422 cursu
689 3369 939 3444 praeverterat,
965 3369 1009 3423 ut
1024 3357 1206 3448 saepissime

256 3455 339 3524 fieri
357 3455 517 3542 solebat,
543 3451 608 3520 ubi
629 3453 848 3541 hujusmodi
861 3455 1012 3549 negotia
1032 3471 1207 3525 erantten-

256 3555 392 3640 tanda,
425 3579 491 3622 rex
509 3551 720 3624 Thorerem
736 3553 896 3624 Cervum
911 3569 1126 3624 currentem
1140 3577 1207 3624 con·
1235 3579 1236 3627 t

258 3657 404 3748 spexit,
436 3653 633 3722 velocitate
657 3651 796 3745 pedum
813 3655 984 3724 omnium
998 3653 1207 3746 praestantis·

259 3755 417 3840 simum,
453 3755 555 3824 hunc
579 3777 645 3822 rex
668 3769 886 3845 persecutus
913 3769 987 3844 est,
1009 3755 1206 3824 'comitante
1234 3801 1235 3881 ,

259 3879 349 3924 cane
366 3878 431 3922 suo
450 3851 580 3948 Vigi0;
617 3856 678 3922 cui
693 3878 776 3922 rex:
807 3853 911 3948 Vigi,
946 3875 1037 3946 cape
1055 3851 1206 3924 cervum!

260 3953 370 4024 Canis
387 3951 599 4047 iugientem
612 3956 822 4026 Thorerem
841 3955 1053 4046 insecutuS,
1080 3957 1207 4024 ineunt
1233 4039 1234 4048 ἵ

257 4077 345 4122 mox
361 4049 492 4138 irruit3
525 4053 671 4126 Thorer
687 4078 838 4124 cursum
858 4055 970 4140 stitit,
994 4077 1059 4123 rex
1084 4073 1207 4150 gaesum
1233 4051 1234 4133 i

1163 4379 1168 4387 ι
1232 4319 1233 4387 i
