2508 4766
69 299 165 370 troo.
414 316 680 397 ..τ-Ξ..
878 297 965 415 179

68 521 180 609 enim,
208 523 352 616 inquit,
380 521 524 613 omnia,
560 526 642 614 quae
662 523 774 612 dicis,
800 525 1025 596 Thorhalle!

66 625 314 696 memorabilia
329 625 513 694 videntur.
567 623 796 696 Thorhallus
814 627 1024 716 respondite
1131 665 1136 685 ι

65 725 198 794 non'ea
216 725 261 794 de
276 747 385 795 causa
395 725 467 794 hoc
483 725 600 814 faci0,
628 725 727 816 quod
744 725 841 794 mihi
854 740 897 794 tu
913 725 1026 798 illeve

65 825 135 892 ulla
154 825 193 891 in
210 849 251 897 re
275 825 521 918 displiceatis,
555 839 620 894 aut
644 825 745 917 quod
766 826 892 895 minus
913 845 1026 917 quarn

64 925 122 994 alii
144 923 317 994 homines
346 925 576 1020 intelligam,
625 949 714 996 eum
742 949 821 995 esse
848 927 1026 1020 juvenem

62 1026 216 1094 maxime
233 1026 438 1118 insignem:
470 1025 584 1113 hujus
595 1049 682 1095 vero
698 1027 754 1094 rei
768 1050 811 1094 ea
826 1049 938 1096 causa
957 1043 1023 1116 est,

63 1125 156 1221 quod
169 1119 282 1193 multi
296 1140 404 1212 sunt,
431 1127 496 1218 qui
512 1127 788 1214 cumlaudant,
811 1150 924 1217 quam
935 1153 1024 1220 quo-

63 1249 129 1317 que
144 1225 297 1294 laudem
315 1228 438 1294 multo
453 1229 606 1296 nomine
630 1241 814 1316 meretur,
856 1229 1025 1318 quamvis

61 1326 157 1416 parvi
174 1349 212 1394 se
230 1325 311 1416 ipse
325 1323 456 1412 faciat;
480 1327 562 1394 fieri
578 1341 706 1395 autem
721 1341 865 1416 potest,
889 1341 931 1395 ut
940 1329 1023 1400 bre-

62 1427 110 1495 vis
125 1422 269 1496 fructus
287 1449 330 1494 ex
345 1425 411 1495 illo
426 1427 676 1518 percipiatur,
708 1441 745 1495 et
763 1440 846 1496 tum
869 1427 956 1496 satis
983 1443 1023 1497 te

63 1527 282 1604 desiderium
303 1525 372 1604 filii
391 1540 472 1597 tam
491 1527 587 1596 bene
610 1527 748 1597 exculti
764 1541 915 1619 tanget,
934 1527 1023 1596 etsi

60 1627 180 1696 laudes
210 1627 396 1702 virtutum
430 1628 510 1715 ejus·
534 1627 656 1698 animo
682 1651 760 1697 non
785 1629 1020 1718 praeceperis.

59 1725 284 1798 Procedente
314 1749 403 1795 vero
428 1742 572 1818 aestate,
609 1727 861 1800 Thorhallum
885 1749 1022 1822 magna

60 1827 204 1897 incessit
218 1827 382 1902 tristitia.
434 1831 548 1900 Hallo
564 1829 826 1922 interroganti,
848 1851 931 1920 quae
949 1831 1020 1898 hu-

60 1929 112 2016 jus
127 1934 181 1999 rei
194 1951 306 2004 causa
319 1941 432 2018 esset,
450 1929 697 2008 Thorhallus:
721 1930 765 1998 ab
782 1929 854 1998 hoc
871 1945 1020 2000 auturn-

61 2031 129 2100 nali
141 2031 328 2118 convivio,
355 2029 456 2120 quod
475 2029 560 2098 heic
581 2029 847 2122 celebrabitur,
872 2034 1021 2120 pericu·

58 2131 134 2198 luin
156 2144 306 2218 metuo,
332 2131 507 2222 praesagit
526 2129 630 2198 enirn
652 2130 799 2198 animus
823 2132 933 2220 milii,
959 2157 1019 2201 va·

60 2243 129 2299 tem
147 2231 220 2297 hoc
244 2229 413 2298 convivio
436 2229 679 2298 interfectum
699 2229 757 2297 iri.
811 2231 1019 2304 Honorem

58 2325 252 2422 procurare
271 2351 443 2420 possum,
470 2330 522 2398 ait
538 2326 825 2421 paterfamilias,
851 2343 906 2397 est
923 2331 1018 2400 mihi
1110 2325 1112 2329 ’

57 2428 256 2499 bosdecem
269 2453 468 2519 annorum,
485 2455 599 2522 quem
606 2431 901 2519 vatemappeno,
918 2431 1018 2521 quod

58 2533 237 2622 plerisque
253 2530 333 2597 aliis
348 2531 466 2599 bobus
476 2531 699 2624 prudentior
713 2531 778 2614 sit,
804 2530 921 2599 hiced
931 2555 1018 2602 con·

55 2623 189 2700 'virium
204 2631 446 2716 mactabitur5
472 2653 597 2724 neque
614 2645 687 2722 est,
713 2653 780 2698 cur
796 2629 876 2698 haec
896 2655 955 2700 res
977 2642 1017 2700 te

54 2727 178 2825 angat,
200 2751 289 2798 nam
302 2726 449 2828 cogito,
475 2732 550 2802 hoc
573 2723 701 2800 meum
718 2723 957 2820 convivium,
973 2745 1018 2800 ut

58 2847 191 2922 cetera,
223 2829 292 2898 tibi
316 2831 472 2925 aliisque
495 2831 625 2902 amicis
645 2833 739 2899 meis
754 2831 889 2898 honori
914 2831 1016 2900 futu-

56 2954 143 3002 rum.
204 2929 433 3004 Thorhallus
455 2931 673 3022 respondet:
707 2939 811 3021 atqui
837 2931 917 2999 haec
938 2955 1017 3002 non

53 3027 131 3102 'ideo
149 3033 310 3126 protuli,
345 3031 444 3123 quod
463 3033 547 3101 vitae
569 3055 662 3100 meae
686 3035 917 3120 metuerem,
950 3031 1016 3100 sed

56 3155 108 3202 res
130 3135 251 3218 multo
281 3134 440 3220 majores
472 3147 509 3203 et
535 3131 787 3202 mirabiliores
820 3132 1013 3224 praesagio,

57 3251 137 3324 quas
151 3233 223 3302 hac
235 3231 408 3302 vice'non
424 3233 600 3326 aperiam.
630 3232 783 3304 Hallus:
809 3231 907 3300 nihil
924 3253 1012 3324 ergo

55 3333 222 3426 impedit,
250 3355 324 3423 quo
345 3333 470 3403 minus
484 3335 556 3403 hoc
574 3331 787 3404 convivium
805 3331 1010 3400 differatur.

55 3433 294 3506 Thorhallus:
325 3433 398 3501 hoc
413 3435 522 3527 loqui
537 3433 693 3502 minime
710 3431 897 3524 proderit,
918 3433 1014 3501 'nam

56 3534 146 3622 quod
160 3533 411 3602 constitutum
427 3549 494 3623 est,
520 3533 596 3603 fiet.
651 3532 917 3602 Circainitium
931 3531 1012 3598 hie-

54 3635 117 3701 mis
135 3631 345 3702 convivium
367 3645 445 3710 erat
465 3647 707 3725 apparatum,
739 3631 851 3724 pauci
871 3654 914 3698 eo
927 3629 1012 3698 ade·

53 3748 129 3802 rant
142 3733 315 3822 convivae,
341 3757 429 3802 cum
437 3747 637 3829 tempestas
652 3733 736 3802 coeli
750 3744 846 3800 esset
860 3745 1012 3800 ventosa

55 3845 86 3899 et
101 3836 333 3919 turbulenta,
361 3857 448 3904 cum
460 3857 548 3904 vero
563 3833 706 3932 vesperi
723 3831 883 3900 convivae
903 3837 1011 3900 accu-

53 3931 229 4024 buissent,
254 3935 485 4006 Thorhallus
502 3933 599 4002 infit:
628 3932 796 4028 convivas
813 3945 936 3999 oratos
949 3951 1010 3998 ve·

53 4031 131 4126 lim,
158 4059 200 4105 ea
210 4037 250 4104 in
259 4059 301 4104 re
317 4034 414 4104 mihi
430 4034 596 4126 obsequi,
618 4047 662 4101 ut
676 4032 808 4121 nequis
822 4031 889 4100 hac
898 4035 1009 4099 n'octe
