2502 4774
307 241 396 334 122
589 265 857 330 ........··········......
1099 263 1201 332 nso.

242 484 472 560 monstrans,
497 466 633 540 inferta
644 466 1200 562 Vindorumarmaiufeetosque

244 574 434 644 exercitus
448 591 566 666 regno
585 593 654 640 suo
672 583 773 640 certo
789 572 1054 661 metuendum,
1080 574 1111 641 si
1125 595 1202 663 pac-

241 688 329 744 tum
351 697 440 744 cum
456 693 546 765 rege
571 670 764 740 Burizlavo
789 687 1018 742 conventum
1037 697 1115 744 non
1134 696 1200 742 ser-

242 787 372 844 uasset.
400 771 643 842 Sermonibus
658 771 801 842 adrem
814 773 1201 863 persvadendamcom-

242 875 373 968 positis
397 888 541 964 satrapa
556 895 600 942 eo
628 895 713 942 rem
734 871 906 961 deduxit,
932 888 977 942 ut
991 873 1201 944 Sveinurex

244 978 282 1046 ei
292 975 452 1046 invitam
459 973 625 1042 traderet
637 973 806 1064 Thyram
814 995 980 1044 sororem
994 995 1113 1062 suam,
1127 997 1201 1042 mu-

242 1075 400 1148 lieribus
414 1073 608 1144 nonnullis
626 1087 664 1142 et
685 1073 851 1144 nutricio
865 1096 952 1162 suo,
986 1063 1108 1144 Ozure
1125 1074 1201 1166 Agit

241 1176 335 1263 filio,
354 1173 607 1266 viropotenti,
624 1175 871 1264 pluribusque
885 1174 1200 1246 hominibuseDa-

243 1276 309 1348 nia
326 1275 564 1360 comitatam,
613 1274 726 1344 Pacto
734 1274 833 1342 inter
846 1275 1020 1344 Sveinem
1028 1295 1155 1366 regem
1169 1285 1201 1340 et

243 1375 479 1468 Sigvaldium
492 1387 679 1464 satrapam
692 1375 883 1464 convenit,
906 1389 950 1444 ut
962 1374 1199 1465 possessiones

241 1477 285 1547 in
292 1475 531 1564 Vindlandia,
552 1497 634 1564 quae
649 1474 788 1569 reginae
805 1475 1032 1547 Gunnhildae
1051 1475 1199 1562 fuerant,

242 1577 323 1665 jam
356 1577 494 1668 Thyrae
514 1575 678 1665 propriae
705 1576 901 1665 cederent,
944 1599 1113 1648 necnon
1137 1575 1201 1642 alia

242 1676 373 1770 magni
385 1675 499 1765 pretii
510 1676 623 1763 bona,
650 1699 732 1766 quae
750 1675 845 1744 dotis
860 1676 1014 1746 nomine
1031 1677 1067 1744 ei
1083 1675 1200 1744 daren-

242 1793 316 1848 tur.
375 1778 546 1850 Multum
568 1777 665 1844 flens
691 1776 837 1868 Thyra,
863 1776 1085 1881 invitissima
1105 1775 1197 1844 abiit.

243 1878 452 1968 Postquam
468 1875 509 1944 in
520 1875 783 1946 Vindlandiam
796 1891 1061 1966 pervenerant,
1087 1875 1201 1952 Buriz-

243 1979 348 2048 lavus
370 1999 455 2064 rex,
492 1975 636 2068 nuptiis
663 1976 876 2066 celebratis,
917 1978 1127 2070 conjugem.
1141 1975 1202 2044 sibi

244 2077 353 2146 duxit
366 2077 536 2170 Thyram
551 2075 733 2168 reginam.
791 2081 882 2149 Haec
911 2091 1059 2166 autem,
1093 2085 1200 2165 aquo

242 2190 415 2268 tempore
434 2178 534 2246 inter
551 2175 719 2246 ethnicos
740 2177 912 2246 homines
935 2193 991 2248 est
1008 2199 1202 2248 commora—
1241 2215 1242 2244 t

242 2291 300 2368 ta,
326 2299 396 2346 nec
415 2276 499 2348 cibo
517 2301 588 2346 nec
608 2289 703 2366 potu
713 2273 804 2346 'cum
817 2278 891 2348 illis
901 2277 979 2360 frui
998 2279 1135 2361 voluit3
1159 2290 1203 2344 at·

244 2401 319 2470 que
342 2377 394 2446 sic
412 2390 558 2466 septem
574 2377 652 2446 dies
669 2378 861 2448 transiere.
920 2379 1069 2451 Deinde
1084 2379 1202 2470 Thyra

241 2479 373 2571 regina
395 2492 433 2546 et
451 2467 552 2548 (izur
570 2477 754 2546 nutricius
781 2479 861 2565 ejus
887 2493 1004 2550 noctu
1017 2480 1059 2548 in
1073 2480 1204 2572 sylvam
1240 2509 1241 2534 t

242 2579 492 2670 aufugerunt:
518 2591 562 2645 ut
573 2577 702 2666 paucis
713 2578 842 2670 fugam
859 2603 992 2648 eorum
1008 2598 1201 2662 narremus,

242 2679 284 2750 in
309 2675 471 2748 Daniam
490 2690 694 2768 venerunt,
731 2679 799 2746 ubi
823 2681 953 2773 Thyra
974 2682 1082 2750 nullo
1103 2691 1202 2769 pacto

243 2799 334 2846 ausa
352 2790 408 2846 est
421 2777 662 2865 commorari,
697 2802 785 2848 cum
807 2801 1025 2870 persuasum
1046 2781 1200 2862 haberet,
1239 2853 1240 2864 ἵ

243 2877 416 2948 Sveinern
431 2899 579 2970 regem,
604 2878 845 2953 siadventum
858 2905 969 2952 suum
985 2881 1200 2962 rescisceret,

243 3001 282 3052 se
293 2976 394 3046 illico
412 2977 718 3049 inVindlandiam
731 2995 830 3048 retro
845 3006 923 3052 esse
935 2983 1201 3074 ablegaturum5

240 3078 331 3149 inde
348 3078 487 3147 occulti
503 3079 700 3170 ignotique
708 3079 1082 3174 iterpersequuntur,
1097 3082 1203 3152 donec

240 3179 283 3250 in
307 3179 534 3272 Norvegiam
551 3179 597 3248 ad
616 3200 746 3272 regem
772 3183 933 3252 Olavum
948 3191 1200 3273 pervenerunt,

241 3303 264 3348 u
281 3301 355 3371 quo
369 3279 464 3348 bene
482 3279 629 3368 excepti
647 3277 927 3373 liberaliterque
945 3282 1097 3352 tractati
1114 3292 1200 3350 sunt.

199 3383 208 3392 '
242 3380 371 3470 Thyra
386 3379 486 3472 regi,
513 3380 650 3472 quibus
667 3378 708 3448 in
731 3385 913 3474 angustiis
927 3407 986 3454 res
1000 3406 1076 3452 suae
1095 3403 1200 3452 versa·
1237 3469 1238 3474 ἵ

242 3493 392 3566 rentur,
418 3479 564 3570 prolixe
585 3481 775 3569 exposuit,
798 3485 983 3562 auxilium
1002 3485 1084 3570 ejus
1102 3505 1202 3572 expo·

241 3600 361 3668 scens,
372 3592 567 3670 tutamque
582 3579 745 3672 inregno
757 3582 836 3668 ejus
847 3585 1092 3657 mansionem.
1112 3585 1202 3673 Thy·

240 3703 283 3756 ra
296 3692 376 3750 erat
392 3677 533 3748 femina
545 3677 692 3769 diserta,
719 3683 826 3768 cujus
839 3706 1028 3756 sermones
1044 3688 1126 3778 regi
1136 3685 1201 3775 pla·
1236 3687 1237 3722 ³

240 3803 376 3866 suere,
404 3780 533 3850 eadem
550 3779 670 3858 forma
687 3805 913 3877 morumque
929 3788 1115 3878 elegantia
1123 3807 1201 3876 pre·

241 3894 353 3972 stans,
380 3903 496 3972 quare
506 3905 588 3970 rex,
613 3881 842 3980 intelligens,
871 3911 953 3954 earn
968 3886 1037 3954 sibi
1052 3907 1200 3978 congru·
1235 3963 1236 3988 ,

240 4005 303 4058 am
315 3980 398 4050 fore
413 4003 583 4071 uxorem,
603 4003 815 4052 sermonem
831 4010 875 4054 eo
891 3987 1022 4072 flectit,
1049 4002 1105 4078 ut,
1120 4008 1201 4056 num

240 4081 311 4154 sibi
327 4080 470 4152 nubere
490 4083 622 4173 vellet,
651 4106 734 4156 eam
747 4103 908 4180 rogaret.
927 4091 1065 4183 .,·Quao
1087 4101 1200 4160 autem
