2502 4774
301 283 361 372 86
590 305 855 368 .....··-.·:··...
1101 303 1202 409 noc.

239 507 451 597 tus1unior
466 521 555 580 erat.
614 506 829 578 Secundum
842 507 923 578 haee
942 521 1032 578 ortae
1051 521 1134 578 sunt
1150 508 1202 576 in·

239 625 300 679 ter
322 611 455 680 fratres
476 607 723 721 Skufeyenses
749 623 787 678 et
807 608 1049 702 Hafgrimum
1065 624 1201 678 contro·

239 701 386 800 versiae,
414 711 460 779 de
480 710 615 802 quibus
636 709 714 802 agit
727 709 886 778 historia
910 709 1201 800 F‘aereyensium5

240 833 324 902 quae
342 812 427 880 lites
443 834 487 879 eo
503 809 658 879 tandem
677 810 752 878 loci
772 824 973 899 venerunt,
999 823 1044 876 ut
1060 807 1135 880 Haf
1134 809 1201 901 gri-

239 931 323 978 mus
341 911 563 983 Thrandum
578 911 624 978 ab
640 911 734 979 Gata
752 922 789 978 et
801 909 994 995 Bjarnium
1010 910 1201 1001 Svineyen-

239 1031 319 1077 sem
335 1011 536 1104 largitione
551 1011 592 1078 in
606 1031 691 1077 suas
703 1023 824 1100 partes
834 1011 1015 1079 traheret.
1068 1011 1201 1080 Fratres

240 1127 464 1200 perpetuam
480 1109 580 1178 inter
596 1133 635 1178 se
653 1110 814 1201 gratiam
835 1125 873 1178 et
897 1111 1131 1180 concordiam
1148 1132 1201 1177 co·

239 1211 397 1280 luerunt
422 1225 459 1278 et
483 1209 654 1302 Skufeyae
676 1233 752 1278 una
774 1211 1013 1299 habitarunt,
1045 1225 1200 1300 utsupra

241 1311 543 1378 demonstratum
566 1323 640 1394 est3
679 1311 792 1380 aliam
819 1311 948 1379 villam
972 1311 1011 1380 in
1042 1311 1200 1382 Dimune

239 1411 383 1496 majore
400 1411 633 1498 habuerunt,
659 1410 723 1478 sed
739 1432 895 1500 pecora,
928 1412 1041 1479 boves
1062 1425 1099 1478 et
1113 1432 1199 1496 oves,

239 1509 281 1579 in
297 1511 465 1580 Dimune
481 1511 647 1599 minore,
683 1511 764 1579 haec
786 1512 888 1580 enim
910 1510 1033 1579 insula
1048 1509 1201 1580 nonfuit

238 1609 420 1680 habitata.
481 1610 711 1701 Aliquando,
746 1633 834 1680 cunr
852 1613 1000 1680 Brester
1024 1625 1062 1680 et
1075 1611 1200 1680 Beiner

239 1709 409 1780 Dimune
422 1711 463 1779 in
477 1711 565 1779 villa
581 1735 646 1778 sua
662 1724 835 1804 agerent,
862 1712 1018 1781 domum
1033 1712 1089 1780 ire
1106 1733 1201 1800 para·
1242 1727 1243 1754 ³

239 1809 333 1877 bant
350 1825 389 1879 et
406 1811 613 1882 Dimunem
636 1813 827 1880 minorem
848 1811 951 1880 adire
985 1813 1199 1904 cogitarunt,
1242 1833 1243 1908 ζ

241 1931 328 1976 oves
354 1911 400 1978 ad
429 1912 595 1979 cultrum
619 1912 795 2001 petituri,
835 1911 936 2001 quod
951 1917 998 1980 “et
1025 1911 1198 1980 fecerunt.

239 2007 534 2097 Adolescentuli,
556 2010 786 2103 Sigmundus
797 2025 835 2080 et
849 2013 1022 2101 Thorer,¹
1043 2025 1199 2097 orarunt,
1242 2021 1243 2054 r

240 2121 285 2174 ut
304 2131 390 2177 cum
409 2110 455 2177 iis
468 2109 656 2200 proficisci
669 2110 821 2196 liceret,
854 2111 912 2180 illi
935 2124 1198 2180 concesserunt.

241 2210 351 2278 Tune
370 2209 597 2302 Sigmundus
619 2223 699 2279 erat
716 2235 902 2280 annorum
918 2234 1067 2302 novem,
1095 2225 1200 2301 etpro

241 2329 284 2374 ea
299 2322 407 2376 aetate
423 2331 559 2403 magna
571 2321 733 2401 statura,
768 2313 949 2401 bonaeque
968 2313 1048 2402 spei
1069 2313 1202 2382 adoles-

241 2427 338 2476 cens.
390 2411 538 2481 Thorer
557 2425 637 2479 erat
660 2412 901 2481 undecennis.
954 2413 1118 2503 Fratres,
1151 2412 1201 2479 uti

240 2508 425 2596 solebant,
452 2511 670 2601 panopliam
686 2534 813 2579 secum
829 2513 1015 2596 habuere3
1052 2513 1096 2582 de
1120 2535 1200 2604 quo-

239 2627 327 2672 rum
340 2608 571 2696 profectione
585 2634 664 2678 non
678 2612 872 2699 proditum
889 2627 955 2702 est,
981 2614 1200 2704 priusquam
1241 2635 1242 2696 i

239 2705 443 2776 redeuntes
468 2708 515 2777 ad
534 2711 719 2798 majorem
741 2711 905 2780 insulam
928 2713 1048 2782 ferme
1080 2736 1199 2804 perre-
1241 2757 1242 2776 2

163 2839 165 2854 ·
239 2803 391 2876 nissent.
453 2809 527 2879 Hic
547 2825 623 2879 tres
644 2833 755 2880 naves
778 2813 974 2882 adsersum
996 2837 1034 2882 se
1055 2815 1199 2882 tendere
1241 2819 1242 2896 ξ

241 2907 499 2996 conspiciunt,
531 2934 694 3000 quarum
715 2913 872 3005 singulae
898 2913 1101 2983 duodecim
1120 2914 1198 2983 viris
1241 2905 1242 2928 ²

238 3010 380 3097 panolp
383 3009 417 3075 ia
445 3012 597 3079 armatis
626 3011 818 3081 instructae
845 3027 970 3098 erant,
1013 3014 1198 3104 praefectos

238 3105 389 3174 navium
405 3125 655 3200 agnoverunt,
682 3135 820 3202 nempe
837 3113 1077 3206 Hafgrimum
1091 3115 1134 3184 de
1142 3116 1199 3184 Su

240 3205 369 3298 dreya,
397 3209 621 3280 Thrandum
634 3213 679 3279 de
694 3214 786 3282 Gata
802 3226 839 3280 et
848 3214 1042 3300 BJarmum
1056 3217 1199 3308 Sviney

239 3327 379 3374 ensem.
444 3310 514 3378 Ηί
521 3333 631 3380 naves
650 3334 691 3379 ac
712 3311 911 3382 insulam
901 3315 1196 3402 rntervenientes,

237 3403 372 3474 fratres
387 3410 431 3476 ab
443 3407 616 3478 adeundo
632 3424 748 3523 portu
763 3411 1076 3503 intercluserunt,
1093 3439 1197 3506 quare

235 3503 294 3571 illi
319 3529 452 3576 navem
474 3509 645 3578 alicubi
634 3533 676 3580 m
701 3534 875 3583 saxosum
894 3513 1001 3582 littus
1029 3519 1198 3607 propule-
1240 3545 1241 3584 l

235 3619 347 3718 runt,
367 3607 465 3675 ubi
454 3631 494 3677 1n
516 3633 651 3702 rupem
665 3613 859 3725 ,quandam
873 3631 1121 3706 praeruptam,
1147 3639 1198 3684 su·
1240 3667 1241 3674 κ

234 3723 303 3815 pra
320 3705 453 3796 sitam,
475 3732 566 3778 cum
581 3711 693 3780 armis
712 3713 967 3806 enitebantur,
993 3739 1196 3807 puerosque
1240 3703 1241 3748 l

233 3803 339 3889 juxta
351 3829 389 3874 se
404 3811 657 3896 collocarunt,
684 3827 791 3904 petra
803 3837 964 3905 superne
980 3832 1059 3884 erat
1069 3821 1196 3909 spatio·

233 3925 271 3969 sa
287 3907 900 4007 egregiumquepropugnaculum
914 3918 1083 4006 praebuit.
1121 3925 1196 3990 Jam

233 4002 453 4096 Hafgrimus
479 4032 521 4076 ac
541 4013 600 4080 sui
620 4012 666 4080 ad
686 4029 826 4082 terram
843 4037 938 4107 appe
941 4019 1059 4108 l,lunt
1095 4044 1162 4090 nar
1165 4039 1195 4085 es

230 4103 272 4170 in
288 4105 393 4174 littus
417 4109 650 4200 subducunt,
686 4113 731 4182 ad
752 4127 900 4205 petram
919 4118 1055 4188 deinde
1077 4143 1192 4190 aecur-
