2502 4774
62 246 154 311 rosc.
348 215 664 311 ':=
860 219 945 312 147

59 443 251 536 lum.apud
277 461 315 516 te
341 446 509 546 animum
537 447 829 538 deprehendam,
867 472 1009 542 vosque·

60 548 216 616 omnium
239 547 376 632 judicio
394 547 482 616 boni
499 547 568 615 viri
586 549 814 639 habeamini,
851 555 1004 641 permit-

57 662 143 736 tam,
171 661 215 715 ut
236 647 368 730 fenum
385 645 444 716 his
466 647 757 737 conditionibus,
784 673 872 740 ques
892 653 1002 722 modo

58 747 181 838 dixisti,
205 747 390 815 intactum
403 761 563 836 maneat,
577 749 700 846 potius
714 773 826 838 quam
840 749 1002 821 christia-

56 847 361 939 namreligionem
370 846 569 938 denegetis,
584 861 886 938 certaquemorte
896 872 1002 940 pere-

56 949 128 1015 atis.
181 946 325 1040 Quibus
346 945 454 1014 dictis
471 946 606 1016 Sveinn
618 957 764 1037 patrem
777 958 1002 1020 conventum

54 1051 131 1134 ivit,
156 1045 283 1136 eique,
319 1069 432 1135 quem
451 1047 491 1114 in
507 1048 634 1116 locum
650 1069 708 1116 res
732 1063 827 1116 esset
843 1047 1002 1118 deducta

56 1147 223 1236 exposuit.
274 1146 308 1214 is
323 1144 455 1214 refert:
484 1146 549 1235 qul
561 1169 626 1214 rex
637 1147 715 1216 haec
734 1150 1003 1235 conjunctavo·

53 1243 176 1316 luerit?
226 1245 361 1314 Sveiun
375 1247 588 1336 respondet:
614 1247 720 1334 hinc,
745 1249 868 1337 pater!
892 1250 1001 1318 intel·

53 1348 160 1438 ligere
172 1348 296 1435 putee,
320 1345 640 1435 ,quautiinteresse
656 1369 722 1414 rex
736 1347 939 1435 existimet,
957 1363 1002 1416 ut

53 1446 281 1538 religionem,
311 1469 424 1536 quern
444 1467 510 1514 nos
532 1447 699 1536 profiteri
717 1447 838 1534 decet,
873 1471 1002 1538 accep·

52 1561 183 1634 temus,
217 1545 340 1614 ethoc
361 1545 532 1634 insuper,
567 1559 743 1634 quantam
765 1561 901 1616 nostrae
914 1569 1001 1636 pro-

52 1647 164 1713 bitatis
182 1645 359 1737 (virtutis)
380 1643 556 1713 fiduciam
578 1645 726 1714 habeat.
780 1645 926 1715 .Sveinu
947 1669 1001 1714 se-

52 1745 127 1812 nior
143 1745 355 1836 respondet:
396 1744 622 1833 pollicebor,
643 1744 692 1813 si
715 1769 781 1814 rex
804 1747 912 1832 velit,
938 1770 1000 1816 me

52 1846 209 1914 Thorent
238 1868 313 1913 nou
338 1846 548 1934 culturum,
587 1844 757 1935 nihilque
787 1848 1002 1914 commercii

52 1968 130 2012 cum
150 1945 215 2013 diis
241 1945 394 2012 ethnicis
410 1943 646 2032 habiturum,
681 1945 845 2014 simodo
868 1945 1000 2012 fanum

49 2045 198 2112 illaesum
211 2067 363 2112 manere
379 2044 554 2133 patiatur.
607 2049 708 2116 Tum
723 2044 907 2133 baptismo
928 2044 1000 2112 ini-

48 2144 142 2231 tiati,
178 2143 220 2210 in
240 2144 443 2212 amicitiam
468 2144 566 2234 regis
601 2145 705 2212 Olavi
729 2145 871 2232 recepti
901 2157 998 2228 sunt,

48 2244 164 2310 omnia
186 2244 286 2312 enim
306 2242 484 2332 promissa
504 2243 601 2312 bene
619 2257 837 2331 servarunt,
864 2255 999 2310 totam·
1102 2314 1109 2326 ,

47 2367 113 2433 que
129 2341 496 2432 familiembaptizari
513 2341 695 2412 fecerunt.

13 2505 15 2516 ,
139 2443 223 2532 Cep.
241 2451 311 2516 203.
364 2445 472 2512 Nunc
485 2465 527 2510 eo
545 2443 692 2514 devenit
704 2444 878 2529 narratio,
900 2441 1000 2532 quod

46 2543 174 2610 Finnus
189 2541 330 2610 Sreinis
345 2541 462 2628 filius,
485 2541 679 2612 cumfama
692 2542 733 2612 in
745 2544 999 2632 Daniomper-

45 2643 110 2710 late
127 2641 340 2729 audivisset,
366 2641 556 2734 religionis
578 2643 829 2716 mutationem
844 2642 885 2710 in
903 2647 997 2712 Nor-

44 2742 141 2834 regie
156 2741 304 2829 factam,
314 2742 355 2810 in
364 2743 587 2832 Norveginm
601 2743 723 2830 rediit,
735 2755 772 2810 et
782 2743 823 2810 in
830 2742 997 2812 Thrend·

43 2842 203 2910 heimum
221 2841 392 2930 pervenit
415 2840 545 2908 eadem
565 2841 710 2928 hieme,
743 2863 816 2931 qua
831 2863 896 2908 rex
911 2843 996 2908 Ola-

43 2963 117 3029 vus,
145 2943 209 3032 qui
222 2941 454 3032 precedente
471 2954 596 3008 aestete
611 2965 632 3008 a
642 2941 749 3012 Vikia
760 2954 994 3030 pervenerat,

43 3041 233 3110 Nidarosiae
254 3041 429 3110 consedit,
482 3042 619 3110 Finnus
635 3063 744 3127 vero,
771 3053 815 3106 ut
828 3039 1001 3128 primum-

42 3140 75 3208 in
92 3139 272 3230 oppidum
290 3141 407 3228 venit,
434 3139 481 3208 ad
494 3141 744 3226 coenaculum,
780 3141 910 3227 inquo
928 3161 994 3206 rex

41 3243 200 3329 potabat,
226 3265 265 3308 se
286 3242 453 3309 contulit.
511 3239 650 3310 Finnus
674 3237 918 3309 contemtiose
934 3261 995 3314 ve,-

42 3341 121 3408 stitu
131 3355 212 3408 erat
228 3341 399 3424 indutum
425 3341 454 3408 is
468 3363 488 3408 a
501 3339 714 3412 custodibus
732 3338 993 3410 admissionem

39 3441 180 3528 potuit,
212 3439 269 3508 illi
295 3440 442 3527 dicunt,
469 3439 772 3526 consv'etudinem
786 3437 991 3522 conferre,

39 3555 76 3606 ut
89 3539 207 3634 ignoti
221 3540 393 3608 homiues
409 3540 491 3631 regi
510 3540 708 3610 accubanti
727 3539 923 3628 negotium
940 3535 992 3602 fa-

40 3653 187 3708 cessant:
214 3663 338 3732 neque
357 3640 424 3708 tibi
442 3639 669 3730 (inquiunt),
696 3660 819 3726 neque
834 3638 903 3704 ulli
927 3635 991 3703 alii

38 3741 212 3828 mendico,
230 3742 294 3828 qui
305 3753 487 3820 temteter
501 3751 539 3806 et
553 3737 655 3806 rudis
669 3739 710 3828 (s.
729 3751 871 3823 vestus,
886 3756 990 3826 agre-

38 3839 105 3927 stis)
130 3839 202 3928 sit,
241 3862 355 3928 quam
374 3853 437 3927 tu,
471 3837 634 3908 intrandi
654 3836 801 3913 veniam
821 3835 990 3915 concedi-

38 3959 117 4009 mus.
191 3938 307 4030 Atqui
331 3939 402 4006 hoc
419 3961 507 4008 vero
531 3937 653 4005 verius
674 3951 746 4023 est,
772 3936 825 4006 ait
839 3938 988 4021 Fiunus,

664 4037 796 4105 'KQ
