2502 4774
219 453 368 523 -multae
382 445 573 541 pependit,
588 441 725 536 oppido
741 457 913 536 gravatus
932 444 977 535 ¹).
1029 442 1186 536 Sigmun-

240 555 326 640 dus,
364 565 566 639 antequam
589 569 634 614 ex
659 544 817 636 Faereyis
839 546 1017 632 solveret,
1063 545 1187 614 tributa

239 652 390 724 Hakoni
413 663 567 737 satrapae
583 644 727 736 exegit,
745 646 854 734 eique
863 645 1036 728 tradidit,
1055 644 1086 712 is
1101 645 1185 734 apud

239 767 424 843 satrapam
445 750 609 816 multum
633 744 768 813 aestatis
792 746 1016 832 consumsit,
1042 757 1185 834 tumque

238 852 462 936 Thuridam,
490 844 975 920 ThorkelisThurrafrostis
992 844 1126 932 filiam,
1150 869 1185 914 u·

221 1002 226 1008 =-
238 975 369 1022 xorem
384 950 508 1031 duxit3
530 945 704 1038 sequenti
722 967 809 1012 xero
833 959 1015 1014 autumno
1036 938 1184 1014 unacum

237 1075 354 1122 uxore
370 1051 521 1139 filiaque
534 1049 663 1120 Thora
679 1046 720 1113 in
729 1047 896 1136 Faereyas
906 1045 1029 1133 rediit,
1047 1044 1184 1114 ubihie-

222 1176 340 1223 -mem
354 1151 441 1243 egit.
467 1146 684 1238 Insequenti
700 1168 798 1232 vere,
812 1144 852 1214 in
864 1145 1026 1216 comitiis
1036 1145 1184 1213 Straum-

237 1252 465 1345 seyensibuS,
483 1246 682 1339 pecuniam
693 1246 737 1314 ab
749 1245 924 1316 Thrando
936 1245 1071 1340 exegit,
1084 1244 1183 1313 trien·

217 1367 313 1420 -tem
327 1373 483 1440 nempe,
510 1345 575 1438 qui
591 1362 674 1414 tum
689 1344 810 1435 pendi.
825 1345 1001 1435 oportuit.
1055 1345 1183 1418 Thran-

237 1453 305 1520 dus
323 1451 463 1520 tardius
481 1449 528 1516 ad
546 1447 584 1516 id
600 1444 808 1536 respondit,
831 1445 873 1514 in
887 1445 1132 1536 colloquendo
1140 1458 1182 1514 ta·

236 1575 326 1621 men
348 1575 387 1619 se
408 1548 613 1642 Sigmundo
637 1545 906 1614 amicissimum
932 1547 1108 1636 praebuit:
1139 1545 1183 1612 ita

235 1675 295 1721 res
316 1651 448 1739 habet,
483 1646 659 1740 cognate!
694 1645 834 1736 inquit,
872 1647 972 1735 quod
999 1647 1085 1716 heic
1102 1666 1183 1735 puer

236 1751 409 1842 quidam,
443 1749 597 1818 nomine
621 1745 769 1833 Leifus,
799 1746 899 1837 apud
921 1769 983 1816 me
1001 1745 1182 1826 educatum

234 1875 336 1922 nunc
355 1873 419 1920 oro
443 1863 501 1929 te,
537 1861 716 1940 cognate,
741 1845 780 1914 id
798 1845 898 1936 quod
911 1846 980 1916 tibi
993 1847 1130 1938 aequius
1151 1857 1182 1912 et

234 1951 372 2020 rectius
393 1948 600 2035 videbitur,
636 1960 681 2013 ut
694 1946 802 2014 Leifo
819 1945 1109 2018 satisfactionem
1127 1945 1182 2014 ali·

235 2074 349 2142 quam
368 2073 436 2140 pro
462 2048 560 2117 caede
589 2046 704 2138 patris
726 2035 874 2115 Ossuris
900 2047 1088 2140 Hafgrimi
1109 2044 1179 2131 filii,

235 2173 349 2240 que-m
361 2147 602 2236 interfecisti,
629 2147 818 2222 concedas.
870 2147 971 2216 Bene
986 2169 1044 2216 res
1064 2169 1181 2216 conve-

233 2253 351 2338 niret,
383 2251 414 2319 si
435 2248 653 2341 pecuniam,
694 2269 826 2337 quam,
852 2260 896 2314 ut
912 2247 1022 2336 dicis,
1048 2247 1114 2316 tibi
1129 2245 1181 2313 de-

231 2351 321 2439 beo,
360 2351 396 2420 ei
417 2351 458 2420 in
482 2349 732 2438 expiationem
748 2346 855 2416 caedis
874 2360 1036 2438 paternae
1053 2345 1182 2420 'so-lvere

232 2452 355 2521 liceat.
420 2453 551 2539 Neque
574 2448 666 2534 hoc,
708 2447 760 2514 ait
786 2447 1031 2539 SigmunduS,
1073 2468 1181 2536 neque

217 2625 219 2636 ¹
233 2553 336 2619 aliud
349 2553 414 2620 tud
428 2551 538 2617 causa
554 2547 712 2630 faciam3
749 2569 873 2636 neque
886 2547 955 2616 tibi
975 2551 1054 2618 ulla
1067 2549 1135 2616 hac
1148 2546 1182 2612 in

214 2673 273 2728 ¹re
298 2648 553 2743 tergiversatio
578 2646 781 2736 profuerit,
805 2649 1006 2737 pecuniam
1019 2647 1181 2718 mihisol·

230 2750 328 2834 vitot
368 2750 439 2819 alia
464 2748 533 2816 tibi
551 2748 644 2815 ratio
668 2747 775 2838 pejor
797 2747 877 2816 erit.
932 2753 1033 2820 Tum
1049 2749 1181 2820 Thran-

232 2851 298 2919 dus
314 2850 508 2919 dimidiam
523 2849 671 2930 trientis
694 2862 841 2937 partem
866 2849 1068 2938 pendebat,
1102 2869 1181 2937 prae·
1230 2887 1231 2926 3

229 2951 386 3020 tendens
412 2949 482 3018 sibi
504 2971 581 3018 non
609 2971 739 3018 vacare
761 2949 844 3038 plus
862 2971 905 3018 ea
919 2949 999 3018 vice
1016 2947 1178 3040 pendere.

231 3051 457 3146 Sigmundus
475 3071 622 3151 semper
644 3073 759 3117 manu
774 3050 941 3139 gestabat
954 3049 1115 3120 securim
1131 3071 1179 3116 re·
1230 3049 1231 3056 '

168 3155 180 3221 “.
231 3152 409 3240 duncam,
438 3173 510 3241 qua
529 3153 705 3224 Ossurem
722 3148 970 3218 interfecerat.
997 3150 1093 3220 Cum
1104 3171 1179 3216 vero

230 3253 428 3324 Thrandus
461 3251 663 3341 pecuniam
696 3250 839 3316 solvere
871 3250 1178 3342 tergiversaretm,

172 3421 175 3430 ,
230 3352 456 3443 Sigmundus
478 3351 523 3418 ad
549 3373 636 3418 eum
665 3349 864 3438 accedens,
908 3373 1023 3422 cornu
1053 3349 1178 3422 securis

228 3451 374 3542 pectori
388 3453 466 3536 ejus
483 3451 671 3535 admovet,
699 3449 838 3518 dicens:
866 3449 923 3520 fac
938 3467 1180 3522 nuncutrum·

227 3551 300 3640 viS,
328 3550 522 3622 Thrande!
556 3550 834 3638 autpecuniam
856 3552 1047 3645 evestigio
1077 3553 1178 3637 solve,

213 3665 406 3742 quantam
431 3673 531 3721 nunc
555 3664 731 3740 praestare
753 3649 882 3738 debes,
923 3666 988 3720 aut
1007 3675 1076 3747 ego
1090 3675 1180 3721 secu·

227 3751 299 3822 rim
309 3751 468 3846 adigam,
483 3750 534 3820 ita
549 3749 1033 3843 utpersentiscasprobe2).¹
1048 3753 1179 3828 Thran-

230 4009 399 4078 ¹)stdnl‹adi,
419 4008 481 4059 vide
499 4008 566 4058 lhrei
581 3971 664 4059 (iloss.
683 4007 816 4076 Sviogoth.
828 4007 876 4058 sub
892 4026 957 4058 voce
970 4009 1071 4074 nanta,
1089 4009 1132 4059 ubi
1143 4009 1179 4057 hie
1229 3985 1230 4002 χ

173 4169 176 4176 ¹
264 4102 338 4153 locus
352 4103 450 4152 citatur.
502 4097 608 4165 ²).forte
624 4098 703 4150 verba
713 4097 763 4148 hoc
776 4096 866 4160 ordine
878 4099 1046 4167 explicanda:
1068 4101 1118 4154 elle
1131 4122 1180 4152 mun
