2502 4774
57 253 161 322 essct
319 245 680 310 Q
858 227 953 318 111Ι

54 454 275 551 proficiscar,
300 477 527 548 operamque
545 453 657 544 dabo,
672 468 729 526 ut
745 454 805 526 dei
821 473 1005 530 vestrum-

55 583 118 650 que
136 559 354 627 mandatum
377 579 576 647 exsequar,
610 557 704 626 scire
719 571 847 626 temen
866 583 942 628 non
959 561 1004 630 li-

56 672 123 745 cet,
167 679 443 747 quosuccessu
463 679 598 728 usurus
619 657 700 726 sinu
767 658 916 728 Deinde
939 666 1006 728 rex

56 757 316 849 Thangbrendo
343 757 517 828 idoneam
539 781 673 826 navem
709 757 1004 852 comitatumque

55 871 121 924 tem
140 880 184 924 ex
208 857 355 927 clericis
383 881 496 946 quam
508 857 618 927 laicis
634 857 767 945 dedit,
803 859 1004 949 omniaque
1063 917 1065 922 .

55 957 349 1044 subministravit,
376 980 456 1046 quae
471 956 517 1024 ed
528 957 824 1047 promovendum
839 957 1006 1026 christia-

54 1057 204 1124 nismum
213 1079 306 1146 opus
318 1071 434 1144 erent,
448 1057 796 1146 profectionemque
806 1059 884 1144 ejus
894 1079 1007 1147 quam

58 1156 327 1247 diligentissime
358 1157 616 1227 instruendam
637 1159 789 1226 curavit.
854 1158 1022 1250 Thengr'

55 1257 201 1324 brandus
232 1270 311 1326 erat
336 1269 477 1326 stature
502 1257 670 1348 grandis,
709 1258 844 1327 robore
864 1259 1005 1345 firmus,

57 1371 109 1422 ore
125 1356 272 1444 disert0,
287 1355 352 1426 vir
369 1357 511 1444 doctuS,
526 1378 683 1448 magnus
702 1358 853 1446 athleta,
881 1359 1007 1448 singu·

56 1456 185 1545 larique
199 1457 314 1526 animi
326 1455 570 1544 fortitudine,
598 1458 1007 1546 quamvis-doctorreli-

57 1555 162 1647 gionis
177 1571 293 1640 esset,
316 1557 410 1626 elios
424 1580 501 1628 non
513 1558 717 1644 lacessens,
745 1556 819 1643 sed,
847 1557 877 1624 si
890 1559 1005 1636 iratus

57 1672 169 1744 esset,
189 1679 274 1728 acer
298 1657 468 1747 nullique
497 1656 537 1724 in
559 1657 667 1726 dictis
691 1656 843 1724 fectisve
858 1658 1004 1728 cedens.

55 1755 116 1826 Hic
131 1757 173 1826 ab
191 1777 281 1850 rege
299 1758 411 1826 Olavo
427 1757 629 1828 Nidarosiae
648 1757 846 1850 digressus,
874 1779 1008 1833 cnmse

55 1870 249 1944 paraverat,
264 1870 504 1947 'ventumque
518 1857 903 1928 commodum-nectus
920 1871 1008 1946 erat,

56 1958 125 2024 vele
139 1955 179 2026 in
189 1958 314 2029 altum
325 1955 438 2026 dedit.

15 2079 17 2090 ’
56 2057 127 2126 Rex
160 2059 305 2128 Olavns
330 2058 538 2148 Sigmunclo
565 2059 784 2147 religionem
801 2058 1007 2151 praedicat.

144 2155 328 2244 Can-189.
382 2155 479 2225 Cum
503 2179 569 2224 rex
593 2157 747 2244 Olavus,
763 2156 1007 2246 -procedente

57 2268 178 2342 estate,
205 2279 251 2324 en
261 2255 544 2332 Thrandheimo
558 2255 749 2346 profectus
765 2256 1009 2326 inSunnmoe-

55 2355 140 2424 riam
173 2355 350 2442 venisset,
404 2355 645 2445 convivioque
685 2356 784 2445 apud
814 2367 1010 2444 potentem

56 2455 231 2543 quendem
265 2457 442 2530 colonum
473 2455 730 2544 adhiberetur,
782 2451 1009 2547 Sigmundus

56 2555 223 2624 bresteris
246 2555 380 2642 filius,
397 2556 501 2640 jussu
520 2556 637 2647 regie,
675 2579 720 2624 ex
738 2555 896 2648 Faereyis
919 2575 1010 2622 una·

56 2675 132 2724 cum
143 2655 314 2728 vTloorere
325 2669 483 2746 cognato
498 2677 565 2723 suo
582 2656 739 2750 advenit.
794 2659 914 2746 Quem
930 2675 1008 2740 rex,

57 2777 133 2823 cum
150 2756 315 2843 adesset,
348 2748 580 2827 laetabundus
604 2756 770 2846 excepit3
809 2753 1011 2844 colloquio·

57 2877 121 2942 que
141 2878 229 2930 mox
246 2855 439 2943 institute,
466 2878 532 2924 rex
547 2855 600 2924 ita
614 2855 729 2928 fatur:
766 2853 1010 2939 benefecisti,

56 2954 270 3044 sigmunde!
309 2955 410 3045 quod
427 2956 524 3023 hanc
539 2956 813 3045 profectionem
832 2977 909 3025 non
927 2953 1010 3025 sub,-

55 3052 255 3146 terfngisti5
282 3080 324 3124 ea
337 3056 500 3124 maxime
519 3055 563 3124 de
581 3069 742 3124 censete
759 3053 879 3122 adme
894 3073 1013 3153 arces-

55 3154 135 3242 sivi,
169 3155 269 3244 quod
284 3170 348 3224 tua
364 3155 544 3228 fortitudo
560 3169 597 3223 et
613 3169 754 3222 naturae
772 3153 936 3242 artisque
950 3153 1013 3218 bo-

54 3277 98 3321 ne
109 3256 310 3324 multorum
320 3279 492 3324 sermone
504 3277 629 3324 coram
638 3277 699 3324 me
713 3253 1012 3335 celebratesuntq

55 3353 236 3446 integram
266 3369 393 3424 tecum
417 3354 622 3428 amicitiem
644 3353 739 3422 inire
763 3351 892 3443 cupio,
929 3351 1015 3420 siin

55 3455 181 3542 rebus,
221 3478 301 3544 quae
327 3455 422 3522 mihi
445 3453 600 3524 maximi
619 3453 804 3525 momenti
827 3452 1012 3526 videntur.

57 3553 318 3642 obsequentem
340 3568 378 3622 te
406 3555 600 3643 praebebis
655 3556 748 3624 Sunt
775 3575 923 3643 quoque
949 3551 1015 3641 qui

57 3651 185 3742 dicant,
199 3669 364 3724 nostram
373 3654 590 3726 societatem
599 3678 677 3724 non
688 3653 1017 3723 inconvenientem

57 3775 149 3840 esse,
182 3755 321 3845 quippe
347 3755 411 3844 qui
433 3753 585 3842 utrique
607 3779 684 3824 non
704 3753 935 3822 fortitudinis
956 3775 1017 3822 ex·

55 3867 172 3940 pertes
183 3854 403 3941 haberemur,
430 3854 494 3930 diu
507 3876 594 3922 vero
611 3878 698 3924 cum
710 3854 892 3924 itinerum
901 3855 1016 3922 mole-
1084 3903 1085 3906 η

56 3953 130 4020 stiis
145 3954 187 4042 ,1)
206 3967 244 4020 et
258 3953 435 4044 periculis
446 3953 649 4024 conflictati
660 3955 790 4043 simus,
805 3969 1017 4044 antequem

55 4059 96 4071 m

57 4084 78 4148 ¹)
99 4084 156 4136 udis
168 4083 301 4144 laboribus
314 4085 343 4136 F.
357 4083 384 4136 S.
