2550 4772
300 255 361 348 to
585 275 856 380 ξ
1015 274 1155 343 tao-uo
1169 281 1203 340 c.

239 487 281 561 in
297 488 438 560 lectum
458 482 558 579 regis
586 481 693 555 Olnri
716 480 820 555 vonit
843 484 991 578 (torum
1014 507 1103 558 cnm
1119 491 1202 560 Ola-

240 613 286 662 νο
300 609 390 683 rege
400 585 718 676 communicavit).

275 763 360 836 Rex
388 755 534 830 Olavus
558 757 697 847 Gruem
724 752 1018 829 construendum
1047 773 1166 830 curat.
1255 801 1256 864 ,

341 891 427 981 Cap.
446 897 516 964 169.
539 893 649 962 ¹¹Hac
679 890 811 960 eadem
831 891 959 960 hieme
982 915 1050 962 rex
1072 892 1202 964 Olavus

240 1017 375 1069 navem
390 994 561 1082 longam,
594 990 635 1058 in
651 991 806 1083 lingulis
828 1013 948 1081 prope
968 1015 1121 1064 amnem
1142 997 1202 1066 Ni·

240 1100 344 1183 dam,
370 1091 659 1160 construendam
675 1091 835 1179 curavit,
860 1093 999 1160 multos
1013 1093 1135 1162 fabros
1146 1097 1202 1163 ad-

237 1199 389 1281 hibent,
422 1213 534 1281 opere
557 1190 731 1262 celeriter
753 1192 992 1282 procedente.
1058 1195 1202 1285 Species

240 1309 320 1370 erat
330 1293 433 1364 navis
442 1305 610 1360 rostratae
633 1293 680 1382 ¹),
690 1291 845 1384 triginta
853 1293 1202 1383 interscalmiorum,

238 1419 352 1492 prora
361 1392 555 1484 puppique
571 1393 746 1479 excelsis,
774 1395 878 1461 alveo
895 1393 1088 1484 tenuiore,
1117 1398 1202 1464 late·

238 1501 342 1570 ribus
355 1517 433 1564 non
448 1493 556 1576 alum
573 1515 686 1582 quam
696 1515 830 1562 navem
846 1515 911 1560 rex
925 1493 1070 1565 Gruem
1083 1499 1204 1587 appel*
1256 1499 1257 1518 ¹

239 1599 340 1671 lavit.
402 1593 555 1679 Kjartan
573 1593 679 1662 Olavi
698 1593 799 1660 filius
818 1605 855 1662 et
868 1593 1016 1662 Bollius.
1027 1595 1202 1684 hiemem,

241 1723 315 1793 qua
324 1694 534 1766 christianae
554 1694 732 1787 religioni
747 1713 887 1762 nomen
912 1693 1102 1783 dederant,
1119 1715 1204 1766 curn

238 1819 329 1893 rege
345 1806 618 1886 transegerunt.
669 1795 750 1865 Rex
760 1793 974 1878 Kjartanem
991 1815 1069 1884 prce
1089 1795 1220 1864 omni.

154 1913 157 1920 '
237 1903 308 1971 bus
328 1893 484 1966 Islandis
508 1892 638 1986 magni
659 1893 875 1982 aestimavit,
910 1907 1066 1984 propter
1085 1916 1202 1988 genus

240 2015 278 2071 et
294 1993 382 2068 artis
398 2007 617 2083 naturaeque
636 1993 752 2062 doteS.
807 1993 962 2062 Constat
983 2018 1133 2086 quoque
1150 1996 1204 2064 in*

237 2114 296 2170 ter
314 2116 460 2182 umnec,
487 2093 704 2187 Kjartanem
721 2093 812 2162 adeo
830 2093 1147 2188 gratiaraluisse,
1164 2111 1205 2172 nt
1257 2095 1258 2124 i

237 2201 338 2270 inter
356 2195 499 2264 aulicos
522 2192 674 2262 nullum
698 2188 875 2262 habuerit
904 2191 1202 2265 obtrectatorem.

237 2301 335 2371 Item
353 2294 544 2364 constabat
561 2293 661 2362 inter
676 2316 822 2381 omnes,
846 2313 1042 2383 uunquam
1054 2295 1134 2365 fere
1154 2309 1205 2364 ta·

236 2403 315 2472 lem
330 2399 472 2482 virum,
493 2393 612 2484 qualis
633 2392 708 2462 fuit
724 2395 893 2482 Kjartan,
918 2396 963 2462 ab
976 2395 1205 2465 Islandiave-

236 2501 345 2572 nisse.
376 2495 515 2564 Bollius
524 2515 674 2584 quoque
685 2507 865 2588 cognatus
883 2493 963 2580 ejus
981 2494 1203 2567 fortissimus

237 2602 293 2670 vir
307 2595 456 2668 habitus
476 2606 541 2664 est.

500 2757 563 2836 Da
585 2757 802 2855 Hallsriido
813 2761 947 2858 po‘e'ta.

241 2949 245 2954 -
340 2895 427 2992 Cap«
445 2903 516 2971 170.
573 2893 689 2967 Poeta
708 2897 925 2982 Hallfrbdut
946 2892 1087 2969 orturis
1106 2895 1205 2970 filius

239 3027 327 3082 cum
344 3019 434 3094 rege
453 2999 568 3068 Olavo
589 2997 674 3084 fuit.
725 3000 799 3070 Hic
820 2999 880 3067 die
900 2999 1063 3091 quodam
1077 3021 1206 3094 regem

239 3105 388 3190 adiens,
428 3097 596 3191 rogavit,
638 3113 682 3168 ut
703 3098 889 3186 carmini,
927 3099 1028 3189 quod
1052 3099 1098 3170 de
1122 3102 1206 3192 ipso

237 3203 412 3290 iecisset,
441 3219 548 3268 aures
573 3201 768 3290 praeberet.
823 3199 897 3292 Qui
920 3203 1013 3268 cum'
1030 3202 1207 3289 praebitu*

238 3329 326 3386 rum
345 3327 383 3372 se
400 3312 574 3392 negaret,
606 3297 843 3370 Hollfriidusr
876 3299 916 3366 id
938 3321 1055 3390 penes
1080 3313 1119 3369 'te
1148 3301 1206 3388 sit,

240 3401 411 3474 domiuo!
447 3399 511 3466 sed
531 3398 563 3464 si
589 3421 697 3468 aures
723 3398 880 3468 carmini
895 3401 1063 3489 praebere
1082 3399 1207 3494 dedtga

238 3503 359 3590 nariS,
387 3496 619 3587 disciplinas,
651 3498 850 3588 inquibus
874 3522 937 3568 me
956 3499 1205 3570 erudiendum

241 3599 398 3688 curasti,
432 3595 611 3670 oblivioni
630 3599 795 3682 tradam,
831 3598 890 3668 his
913 3599 1016 3668 enim
1035 3617 1209 3670 nonina·

238 3705 314 3793 jor,
341 3723 454 3793 quam
471 3696 649 3786 carmini,
675 3698 952 3788 inestpoetieus
969 3700 1083 3788 lepos,
1111 3705 1206 3772 Rex:

241 3799 592 3890 difficilispoiitae85
618 3798 849 3871 audientiam
864 3799 1024 3869 carmini
1034 3814 1099 3868 tuo
1116 3824 1207 3891 prae*

241 3949 507 3975 ...ff-...-

244 4035 269 4106 ¹)
279 4037 306 4088 iu'
326 4043 398 4086 textu
416 4031 536 4104 tnekkjo,
558 4031 591 4084 de
608 4048 660 4102 qua
675 4043 741 4084 voce
756 4029 818 4082 vide
835 4029 929 4102 scripta
944 4048 998 4082 soc·
1012 4029 1061 4084 litu
1076 4031 1118 4084 iol·
1133 4027 1207 4086 Tomi

279 4125 305 4180 6.
322 4143 380 4197 pog-
399 4117 458 4174 134.
