2550 4772
293 273 431 374 tl,
562 293 876 362 m
1082 275 1200 371 dec.

231 507 309 582 bri's
331 503 399 578 aut
416 505 493 580 rita
502 505 579 580 tibi
592 499 851 580 'metuetidum
874 497 938 608 sit}
959 494 1199 602 ·v1'gf‘11s''re·

231 608 398 703 spondit:
432 631 477 679 ea
499 611 607 680 dere
631 609 776 684 nullam
794 608 864 679 tibi
888 609 1049 704 gratiam
1063 607 1197 701 habeo,

231 733 355 802 neque
365 711 633 804 babebitpater
642 731 759 796 meus,
787 711 968 814 quodti'pi
984 709 1114 797 sumis,
1137 731 1203 775 res

231 812 301 881 bus
321 811 416 880 meis
438 814 668 903 prospicere,
696 810 763 878 ubi
783 825 938 904 egomet
948 811 1090 893 nolim;
1123 830 1199 898 qua

171 982 174 988 ,
231 911 273 981 in
291 933 333 979 re
346 927 383 980 te
400 911 525 1001 potius
541 911 761 999 timiditate,
795 933 907 1002 quam
920 911 1093 982 cautione
1110 907 1200 976 duci

231 1012 376 1100 judico,
402 1027 515 1104 atque
536 1015 681 1083 malum
695 1023 767 1099 est,
791 1011 936 1082 homini
958 1011 1104 1096 adesse,
1133 1007 1204 1099 qui

232 1133 297 1196 cor
315 1113 454 1202 leporis
477 1113 518 1182 in
538 1126 691 1205 pectore
710 1125 834 1204 gerat3
867 1113 1031 1182 maxime
1046 1131 1199 1200 quoque

231 1212 410 1282 credibile
428 1227 500 1302 est,
531 1228 570 1282 te
585 1212 703 1307 magis
718 1213 870 1282 serviles
886 1213 1050 1298 natales,
1084 1231 1200 1300 quam

231 1334 353 1406 genus
376 1313 675 1384 Thverae'nsium
691 1311 843 1382 referre.
903 1312 962 1381 Ita
981 1309 1200 1404 digredium

229 1429 304 1501 tur,
330 1412 483 1506 Vigfuse
498 1413 554 1484 ira
567 1435 680 1506 quam
692 1413 856 1482 maxime
870 1412 1034 1482 incenso.
1074 1409 1199 1500 *Elapa

231 1509 271 1584 sa
288 1513 436 1603 hieme,
480 1514 651 1606 itemque
676 1537 782 1602 vere,
821 1503 1045 1606 (lgmundus
1063 1529 1199 1578 navem

229 1629 354 1710 parat,
382 1629 420 1682 et
439 1629 564 1684 aestate
580 1613 829 1684 in‘lslandiam
845 1613 996 1700 trajicit,
1020 1629 1198 1704 magnam

229 1713 400 1808 pecuniae
423 1713 499 1782 vim
513 1716 553 1784 in
570 1716 645 1784 hoc
661 1713 798 1783 itinere
820 1715 1007 1810 lucratus,
1045 1731 1199 1780 navem·

230 1837 304 1907 que
320 1814 609 1907 inEyafidrdum
621 1814 778 1905 appulit.
831 1815 993 1886 Glumus
1008 1810 1137 1880 statim
1153 1811 1198 1880 de

229 1914 394 1984 adventu
420 1916 522 1984 navis
545 1915 682 1984 certior
704 1913 824 1984 lactus
843 1928 919 1999 este
954 1911 1079 1982 eidem
1100 1912 1198 1980 rela-

227 2028 331 2116 tum,
352 2029 488 2105 quanta
506 2005 707 2108 Ogmundo
725 2013 952 2086 contumelia
965 2013 1072 2082 illata
1089 2025 1196 2080 esset.

230 2115 466 2208 Ogmundus,
493 2139 581 2186 cum
596 2116 680 2184 navi
698 2115 917 2206 etpecuniae
942 2133 1018 2182 suae
1043 2133 1198 2202 prospe·

227 2213 879 2306 xisseffihverbrekkamprofectus,
904 2213 1199 2305 apudGlumum

200 2313 476 2407 'aliquantum'
497 2316 678 2408 temporis
724 2317 811 2410 egit.
890 2317 1052 2386 Glumus
1075 2314 1120 2382 ei
1156 2335 1197 2380 se

226 2416 497 2509 pauciloquum
526 2415 706 2507 prebuit3
758 2429 870 2506 atque
900 2413 1092 2506 apparuit,
1136 2411 1200 2482 ad-

227 2531 384 2586 ventum
410 2517 491 2603 ejus
515 2517 589 2608 ipsi
619 2515 776 2586 minime
800 2531 951 2608 gratum
977 2535 1066 2585 esse.
1120 2503 1197 2606 Og-

227 2615 391 2686 mundus
426 2617 697 2686 hilarissimum
723 2639 764 2686 se
793 2609 954 2708 praebuit
987 2629 1026 2684 et
1051 2613 1092 2684 in
1115 2615 1197 2684 cul·

227 2714 539 2808 tu=splendidum3
567 2716 742 2785 omnibus
750 2717 993 2786 conventibus
1006 2713 1195 2802 interfuit,

229 2829 269 2885 et
299 2813 419 2884 causis
442 2816 641 2886 hominum
665 2839 704 2885 se
726 2819 812 2908 plus
838 2817 941 2905 justo
966 2815 1195 2899 immiscuit,

112 2973 119 2978 .
228 2929 268 2986 et
290 2915 397 3006 siqua
417 2915 464 2984 de
481 2939 522 2986 re
539 2913 830 3009 disceptaretur,
863 2931 975 2988 nemo
992 2916 1197 3018 homiuum

228 3017 277 3085 ad
299 3015 466 3108 ingentia
490 3015 655 3088 facinora
678 3018 894 3108 accipienda
913 3015 1104 3108 promtior·
1118 3020 1196 3109 Og-

225 3116 367 3188 muudo
382 3117 592 3204 videbatur3
631 3119 733 3187 idem
753 3119 796 3188 in
818 3118 991 3188 omnibus
1012 3116 1197 3186 rebusad
1240 3123 1244 3128 “

223 3217 584 3289 adnrinistrationem
600 3219 657 3288 rei
675 3217 868 3288 familiaris
880 3233 918 3288 et
935 3216 1198 3288 subvectiones

225 3317 497 3410 pertinentibus
526 3315 665 3390 Glumo
700 3341 739 3386 se
779 3311 988 3388 officiosum
1017 3317 1196 3410 prebuit,

225 3423 487 3508 summamque
508 3420 567 3486 sui
589 3417 806 3506 jactantiam
834 3419 1016 3505 ostendit;
1046 3418 1113 3488 sed
1127 3419 1195 3488 diu

227 3529 326 3604 erat,
353 3517 454 3607 quod
463 3519 624 3590 Glumus
639 3540 727 3588 eam
744 3521 887 3611 alloqui
900 3519 1062 3592 nolebat.
1115 3519 1193 3590 Die

226 3616 388 3715 quodam
404 3618 568 3689 Glumus
585 3641 674 3689 eum
702 3619 849 3690 aflatus:
876 3623 966 3690 scias
975 3621 1105 3709 velim,
1132 3619 1193 3688 in·

227 3717 328 3808 quit,
364 3709 577 3812 Ogmunde!
614 3743 676 3790 me
696 3717 766 3788 tibi
791 3722 937 3792 nullam
956 3721 1095 3790 habere
1119 3739 1192 3812 pro

225 3833 294 3886 tuo
318 3819 654 3914 laboregratiamt-
676 3833 719 3888 et
743 3820 886 3890 mirum
908 3821 1003 3890 mihi
1026 3822 1190 3911 videtur,

227 3931 343 3986 curte
359 3919 450 3988 adeo
470 3943 667 4012 procacem
686 3915 817 3990 sivein
844 3923 963 3990 causis
982 3923 1194 3994 ¹homiuum

226 4017 405 4118 curandis
427 4019 638 4090 studiosum
662 4021 842 4112 prebeas,
882 4033 968 4094 cum
991 4023 1098 4092 nulla
1118 4023 1192 4096 tibi

225 4119 342 4194 draus
354 4116 455 4212 insit,
474 4136 519 4192 et
534 4141 625 4194 saue
640 4133 706 4193 tua
719 4121 844 4216 prime
854 4117 1037 4217 profectio
1049 4123 1191 4216 turpis·
