<?xml version="1.0" encoding="UTF-8"?>
<!DOCTYPE html PUBLIC "-//W3C//DTD XHTML 1.0 Transitional//EN"
    "http://www.w3.org/TR/xhtml1/DTD/xhtml1-transitional.dtd">
<html xmlns="http://www.w3.org/1999/xhtml" xml:lang="en" lang="en">
 <head>
  <title>
</title>
<meta http-equiv="Content-Type" content="text/html;charset=utf-8" />
  <meta name='ocr-system' content='tesseract 3.04.00' />
  <meta name='ocr-capabilities' content='ocr_page ocr_carea ocr_par ocr_line ocrx_word'/>
</head>
<body>
  <div class='ocr_page' id='page_1' title='image "./scriptahistoric00unkngoog_0102.png"; bbox 0 0 2502 4774; ppageno 0'>
   <div class='ocr_carea' id='block_1_1' title="bbox 86 277 983 381">
    <p class='ocr_par' dir='ltr' id='par_1_1' title="bbox 86 275 983 381">
     <span class='ocr_line' id='line_1_1' title="bbox 86 277 983 381; baseline -0.016 -12"><span class='ocrx_word' id='word_1_1' title='bbox 86 277 137 370; x_wconf 72' lang='lat'><strong>180&#39;</strong></span> <span class='ocrx_word' id='word_1_2' title='bbox 147 297 180 357; x_wconf 82' lang='lat' dir='ltr'><strong>C·</strong></span> <span class='ocrx_word' id='word_1_3' title='bbox 415 283 681 366; x_wconf 73' lang='lat'>··&#39;&#39;·-.....····....·=</span> <span class='ocrx_word' id='word_1_4' title='bbox 924 296 983 381; x_wconf 80' lang='lat'><strong>87</strong></span> 
     </span>
    </p>
   </div>
   <div class='ocr_carea' id='block_1_2' title="bbox 22 499 1045 4016">
    <p class='ocr_par' dir='ltr' id='par_1_2' title="bbox 22 499 1045 4016">
     <span class='ocr_line' id='line_1_2' title="bbox 84 499 1045 609; baseline 0.017 -32"><span class='ocrx_word' id='word_1_5' title='bbox 84 524 181 594; x_wconf 73' lang='lat' dir='ltr'><strong>runt,</strong></span> <span class='ocrx_word' id='word_1_6' title='bbox 199 505 421 600; x_wconf 81' lang='lat' dir='ltr'><strong>Hafgrimus</strong></span> <span class='ocrx_word' id='word_1_7' title='bbox 437 512 653 600; x_wconf 79' lang='lat' dir='ltr'><strong>etEjarnius</strong></span> <span class='ocrx_word' id='word_1_8' title='bbox 670 499 1045 609; x_wconf 66' lang='lat' dir='ltr'><strong>Scineyensisfratrec</strong></span> 
     </span>
     <span class='ocr_line' id='line_1_3' title="bbox 22 610 1042 702; baseline 0.005 -21"><span class='ocrx_word' id='word_1_9' title='bbox 22 665 25 698; x_wconf 10' lang='grc' dir='ltr'><strong>κη</strong></span> <span class='ocrx_word' id='word_1_10' title='bbox 84 611 195 681; x_wconf 90' lang='lat' dir='ltr'><strong>statim</strong></span> <span class='ocrx_word' id='word_1_11' title='bbox 214 610 463 702; x_wconf 82' lang='lat' dir='ltr'>impugnant,</span> <span class='ocrx_word' id='word_1_12' title='bbox 501 613 576 681; x_wconf 85' lang='lat' dir='ltr'><strong>illis</strong></span> <span class='ocrx_word' id='word_1_13' title='bbox 593 637 631 680; x_wconf 91' lang='lat' dir='ltr'><strong>se</strong></span> <span class='ocrx_word' id='word_1_14' title='bbox 648 615 797 684; x_wconf 79' lang='lat' dir='ltr'><strong>fortiter</strong></span> <span class='ocrx_word' id='word_1_15' title='bbox 823 621 1042 694; x_wconf 81' lang='lat' dir='ltr'><strong>tutantibus.</strong></span> 
     </span>
     <span class='ocr_line' id='line_1_4' title="bbox 22 711 1044 815; baseline 0.009 -33"><span class='ocrx_word' id='word_1_16' title='bbox 22 713 24 740; x_wconf 33' lang='lat' dir='ltr'><strong>i</strong></span> <span class='ocrx_word' id='word_1_17' title='bbox 83 715 220 784; x_wconf 87' lang='lat' dir='ltr'><strong>Brester</strong></span> <span class='ocrx_word' id='word_1_18' title='bbox 235 723 383 800; x_wconf 90' lang='lat' dir='ltr'><strong>petram</strong></span> <span class='ocrx_word' id='word_1_19' title='bbox 406 711 645 802; x_wconf 86' lang='lat' dir='ltr'><strong>defendebat,</strong></span> <span class='ocrx_word' id='word_1_20' title='bbox 673 712 747 806; x_wconf 76' lang='lat' dir='ltr'><strong>qua</strong></span> <span class='ocrx_word' id='word_1_21' title='bbox 770 733 876 808; x_wconf 85' lang='lat' dir='ltr'><strong>parte</strong></span> <span class='ocrx_word' id='word_1_22' title='bbox 900 742 1044 815; x_wconf 82' lang='lat' dir='ltr'><strong>oppug-</strong></span> 
     </span>
     <span class='ocr_line' id='line_1_5' title="bbox 84 808 1043 901; baseline 0.005 -17"><span class='ocrx_word' id='word_1_23' title='bbox 84 828 165 884; x_wconf 89' lang='lat' dir='ltr'><strong>natu</strong></span> <span class='ocrx_word' id='word_1_24' title='bbox 181 824 260 880; x_wconf 86' lang='lat' dir='ltr'><strong>erat</strong></span> <span class='ocrx_word' id='word_1_25' title='bbox 275 808 442 901; x_wconf 82' lang='lat' dir='ltr'><strong>facilior,</strong></span> <span class='ocrx_word' id='word_1_26' title='bbox 476 837 518 882; x_wconf 89' lang='lat' dir='ltr'><strong>re</strong></span> <span class='ocrx_word' id='word_1_27' title='bbox 537 827 666 885; x_wconf 86' lang='lat' dir='ltr'><strong>tamen</strong></span> <span class='ocrx_word' id='word_1_28' title='bbox 684 817 783 886; x_wconf 89' lang='lat' dir='ltr'><strong>inter</strong></span> <span class='ocrx_word' id='word_1_29' title='bbox 799 841 861 888; x_wconf 89' lang='lat' dir='ltr'><strong>eos</strong></span> <span class='ocrx_word' id='word_1_30' title='bbox 878 821 1043 890; x_wconf 85' lang='lat' dir='ltr'><strong>tardiore</strong></span> 
     </span>
     <span class='ocr_line' id='line_1_6' title="bbox 81 912 1043 1006; baseline 0.008 -24"><span class='ocrx_word' id='word_1_31' title='bbox 81 933 244 982; x_wconf 84' lang='lat' dir='ltr'><strong>successu</strong></span> <span class='ocrx_word' id='word_1_32' title='bbox 267 927 382 1006; x_wconf 83' lang='lat' dir='ltr'><strong>gesta.</strong></span> <span class='ocrx_word' id='word_1_33' title='bbox 437 912 640 987; x_wconf 90' lang='lat' dir='ltr'><strong>Thrandus</strong></span> <span class='ocrx_word' id='word_1_34' title='bbox 657 939 744 986; x_wconf 89' lang='lat' dir='ltr'><strong>cum</strong></span> <span class='ocrx_word' id='word_1_35' title='bbox 763 919 838 986; x_wconf 90' lang='lat' dir='ltr'><strong>suis</strong></span> <span class='ocrx_word' id='word_1_36' title='bbox 856 919 897 989; x_wconf 90' lang='lat' dir='ltr'><strong>in</strong></span> <span class='ocrx_word' id='word_1_37' title='bbox 913 921 1043 990; x_wconf 87' lang='lat' dir='ltr'><strong>littore</strong></span> 
     </span>
     <span class='ocr_line' id='line_1_7' title="bbox 79 1013 1042 1106; baseline 0.008 -24"><span class='ocrx_word' id='word_1_38' title='bbox 79 1013 301 1099; x_wconf 79' lang='lat' dir='ltr'>ambulabat,</span> <span class='ocrx_word' id='word_1_39' title='bbox 328 1031 452 1105; x_wconf 88' lang='lat' dir='ltr'><strong>neque</strong></span> <span class='ocrx_word' id='word_1_40' title='bbox 463 1015 742 1106; x_wconf 84' lang='lat' dir='ltr'><strong>impugnationi</strong></span> <span class='ocrx_word' id='word_1_41' title='bbox 755 1018 918 1089; x_wconf 86' lang='lat' dir='ltr'><strong>libenter</strong></span> <span class='ocrx_word' id='word_1_42' title='bbox 927 1021 1042 1090; x_wconf 86' lang='lat' dir='ltr'><strong>inter-</strong></span> 
     </span>
     <span class='ocr_line' id='line_1_8' title="bbox 78 1107 1039 1208; baseline 0.006 -26"><span class='ocrx_word' id='word_1_43' title='bbox 78 1107 173 1182; x_wconf 77' lang='lat' dir='ltr'><strong>fuit·</strong></span> <span class='ocrx_word' id='word_1_44' title='bbox 218 1117 321 1184; x_wconf 89' lang='lat' dir='ltr'><strong>Tum</strong></span> <span class='ocrx_word' id='word_1_45' title='bbox 346 1113 584 1208; x_wconf 83' lang='lat' dir='ltr'><strong>Hafgrimus:</strong></span> <span class='ocrx_word' id='word_1_46' title='bbox 618 1117 657 1184; x_wconf 91' lang='lat' dir='ltr'><strong>id</strong></span> <span class='ocrx_word' id='word_1_47' title='bbox 678 1133 817 1208; x_wconf 87' lang='lat' dir='ltr'><strong>tecum,</strong></span> <span class='ocrx_word' id='word_1_48' title='bbox 846 1121 1039 1192; x_wconf 89' lang='lat' dir='ltr'><strong>Thrande!</strong></span> 
     </span>
     <span class='ocr_line' id='line_1_9' title="bbox 76 1212 1041 1308; baseline 0.004 -24"><span class='ocrx_word' id='word_1_49' title='bbox 76 1227 220 1308; x_wconf 88' lang='lat' dir='ltr'><strong>pactum</strong></span> <span class='ocrx_word' id='word_1_50' title='bbox 232 1212 321 1300; x_wconf 91' lang='lat' dir='ltr'><strong>inii,</strong></span> <span class='ocrx_word' id='word_1_51' title='bbox 348 1221 392 1282; x_wconf 85' lang='lat' dir='ltr'><strong>ut</strong></span> <span class='ocrx_word' id='word_1_52' title='bbox 410 1237 521 1304; x_wconf 88' lang='lat' dir='ltr'><strong>opem</strong></span> <span class='ocrx_word' id='word_1_53' title='bbox 539 1216 634 1286; x_wconf 90' lang='lat' dir='ltr'><strong>mihi</strong></span> <span class='ocrx_word' id='word_1_54' title='bbox 647 1216 784 1306; x_wconf 85' lang='lat' dir='ltr'><strong>ferres,</strong></span> <span class='ocrx_word' id='word_1_55' title='bbox 813 1234 851 1288; x_wconf 90' lang='lat' dir='ltr'><strong>et</strong></span> <span class='ocrx_word' id='word_1_56' title='bbox 871 1220 955 1290; x_wconf 90' lang='lat' dir='ltr'><strong>ideo</strong></span> <span class='ocrx_word' id='word_1_57' title='bbox 971 1221 1041 1289; x_wconf 88' lang='lat' dir='ltr'><strong>tibi</strong></span> 
     </span>
     <span class='ocr_line' id='line_1_10' title="bbox 77 1313 1038 1409; baseline 0.006 -26"><span class='ocrx_word' id='word_1_58' title='bbox 77 1314 245 1408; x_wconf 88' lang='lat' dir='ltr'>pecunias</span> <span class='ocrx_word' id='word_1_59' title='bbox 275 1313 370 1384; x_wconf 87' lang='lat' dir='ltr'><strong>dedi.</strong></span> <span class='ocrx_word' id='word_1_60' title='bbox 433 1315 635 1387; x_wconf 89' lang='lat' dir='ltr'><strong>Thrandus</strong></span> <span class='ocrx_word' id='word_1_61' title='bbox 659 1319 825 1409; x_wconf 82' lang='lat' dir='ltr'><strong>reponit:</strong></span> <span class='ocrx_word' id='word_1_62' title='bbox 868 1333 911 1387; x_wconf 87' lang='lat' dir='ltr'><strong>tu</strong></span> <span class='ocrx_word' id='word_1_63' title='bbox 933 1335 1038 1389; x_wconf 88' lang='lat' dir='ltr'><strong>tanto</strong></span> 
     </span>
     <span class='ocr_line' id='line_1_11' title="bbox 74 1408 1038 1508; baseline 0.004 -23"><span class='ocrx_word' id='word_1_64' title='bbox 74 1415 236 1508; x_wconf 83' lang='lat' dir='ltr'><strong>ignavior</strong></span> <span class='ocrx_word' id='word_1_65' title='bbox 260 1437 320 1502; x_wconf 79' lang='lat' dir='ltr'><strong>eS,</strong></span> <span class='ocrx_word' id='word_1_66' title='bbox 356 1408 423 1506; x_wconf 73' lang='lat' dir='ltr'><strong>qui</strong></span> <span class='ocrx_word' id='word_1_67' title='bbox 449 1411 541 1482; x_wconf 68' lang='lat' dir='ltr'><strong>duo&#39;s</strong></span> <span class='ocrx_word' id='word_1_68' title='bbox 560 1429 709 1488; x_wconf 86' lang='lat' dir='ltr'><strong>tantum</strong></span> <span class='ocrx_word' id='word_1_69' title='bbox 726 1418 897 1487; x_wconf 89' lang='lat' dir='ltr'><strong>homines</strong></span> <span class='ocrx_word' id='word_1_70' title='bbox 914 1419 1038 1489; x_wconf 85' lang='lat' dir='ltr'><strong>debel-</strong></span> 
     </span>
     <span class='ocr_line' id='line_1_12' title="bbox 75 1515 1038 1611; baseline 0 -25"><span class='ocrx_word' id='word_1_71' title='bbox 75 1519 146 1586; x_wconf 86' lang='lat' dir='ltr'><strong>lare</strong></span> <span class='ocrx_word' id='word_1_72' title='bbox 166 1537 347 1608; x_wconf 74' lang='lat' dir='ltr'><strong>nequeaS,</strong></span> <span class='ocrx_word' id='word_1_73' title='bbox 383 1515 548 1611; x_wconf 86' lang='lat' dir='ltr'><strong>quamvis</strong></span> <span class='ocrx_word' id='word_1_74' title='bbox 567 1517 624 1586; x_wconf 90' lang='lat' dir='ltr'><strong>bis</strong></span> <span class='ocrx_word' id='word_1_75' title='bbox 650 1517 850 1588; x_wconf 88' lang='lat' dir='ltr'><strong>duodecim</strong></span> <span class='ocrx_word' id='word_1_76' title='bbox 868 1519 957 1588; x_wconf 89' lang='lat' dir='ltr'><strong>viris</strong></span> <span class='ocrx_word' id='word_1_77' title='bbox 975 1521 1038 1588; x_wconf 86' lang='lat' dir='ltr'><strong>sti-</strong></span> 
     </span>
     <span class='ocr_line' id='line_1_13' title="bbox 74 1615 1036 1708; baseline 0.002 -24"><span class='ocrx_word' id='word_1_78' title='bbox 74 1629 201 1708; x_wconf 79' lang='lat' dir='ltr'><strong>patus;</strong></span> <span class='ocrx_word' id='word_1_79' title='bbox 235 1627 348 1706; x_wconf 89' lang='lat' dir='ltr'><strong>atque</strong></span> <span class='ocrx_word' id='word_1_80' title='bbox 372 1638 413 1685; x_wconf 90' lang='lat' dir='ltr'><strong>ea</strong></span> <span class='ocrx_word' id='word_1_81' title='bbox 436 1615 507 1684; x_wconf 89' lang='lat' dir='ltr'><strong>tibi</strong></span> <span class='ocrx_word' id='word_1_82' title='bbox 530 1632 586 1686; x_wconf 85' lang='lat' dir='ltr'><strong>est</strong></span> <span class='ocrx_word' id='word_1_83' title='bbox 603 1619 850 1708; x_wconf 75' lang='lat' dir='ltr'><strong>consuetudo,</strong></span> <span class='ocrx_word' id='word_1_84' title='bbox 876 1633 920 1686; x_wconf 91' lang='lat' dir='ltr'><strong>ut</strong></span> <span class='ocrx_word' id='word_1_85' title='bbox 945 1620 1036 1688; x_wconf 91' lang='lat' dir='ltr'><strong>alios</strong></span> 
     </span>
     <span class='ocr_line' id='line_1_14' title="bbox 73 1717 1037 1814; baseline 0.004 -30"><span class='ocrx_word' id='word_1_86' title='bbox 73 1739 212 1808; x_wconf 87' lang='lat' dir='ltr'><strong>semper</strong></span> <span class='ocrx_word' id='word_1_87' title='bbox 225 1737 294 1808; x_wconf 88' lang='lat' dir='ltr'><strong>pro</strong></span> <span class='ocrx_word' id='word_1_88' title='bbox 315 1730 354 1783; x_wconf 92' lang='lat' dir='ltr'><strong>te</strong></span> <span class='ocrx_word' id='word_1_89' title='bbox 369 1717 522 1804; x_wconf 87' lang='lat' dir='ltr'><strong>objicias</strong></span> <span class='ocrx_word' id='word_1_90' title='bbox 543 1718 597 1808; x_wconf 87' lang='lat'><strong>¹),</strong></span> <span class='ocrx_word' id='word_1_91' title='bbox 630 1721 711 1814; x_wconf 90' lang='lat' dir='ltr'><strong>ipse</strong></span> <span class='ocrx_word' id='word_1_92' title='bbox 728 1742 815 1804; x_wconf 89' lang='lat' dir='ltr'><strong>vero</strong></span> <span class='ocrx_word' id='word_1_93' title='bbox 832 1721 959 1788; x_wconf 90' lang='lat' dir='ltr'><strong>nullus</strong></span> <span class='ocrx_word' id='word_1_94' title='bbox 978 1743 1037 1788; x_wconf 91' lang='lat' dir='ltr'><strong>ac-</strong></span> 
     </span>
     <span class='ocr_line' id='line_1_15' title="bbox 72 1816 1034 1910; baseline 0 -24"><span class='ocrx_word' id='word_1_95' title='bbox 72 1817 195 1886; x_wconf 89' lang='lat' dir='ltr'><strong>cedere</strong></span> <span class='ocrx_word' id='word_1_96' title='bbox 218 1816 352 1904; x_wconf 73' lang='lat' dir='ltr'><strong>audeS,</strong></span> <span class='ocrx_word' id='word_1_97' title='bbox 390 1817 510 1886; x_wconf 85' lang='lat' dir='ltr'><strong>sicubi</strong></span> <span class='ocrx_word' id='word_1_98' title='bbox 540 1819 616 1886; x_wconf 86' lang='lat' dir='ltr'><strong>vita</strong></span> <span class='ocrx_word' id='word_1_99' title='bbox 638 1819 933 1910; x_wconf 77' lang='lat' dir='ltr'><strong>periclitandum</strong></span> <span class='ocrx_word' id='word_1_100' title='bbox 958 1834 1034 1904; x_wconf 75' lang='lat' dir='ltr'><strong>est,</strong></span> 
     </span>
     <span class='ocr_line' id='line_1_16' title="bbox 70 1911 1036 2010; baseline 0.003 -26"><span class='ocrx_word' id='word_1_101' title='bbox 70 1911 174 1986; x_wconf 84' lang='lat' dir='ltr'><strong>tuum</strong></span> <span class='ocrx_word' id='word_1_102' title='bbox 187 1939 287 1985; x_wconf 91' lang='lat' dir='ltr'><strong>nunc</strong></span> <span class='ocrx_word' id='word_1_103' title='bbox 301 1931 365 2006; x_wconf 91' lang='lat' dir='ltr'><strong>est,</strong></span> <span class='ocrx_word' id='word_1_104' title='bbox 381 1917 411 1986; x_wconf 88' lang='lat' dir='ltr'><strong>si</strong></span> <span class='ocrx_word' id='word_1_105' title='bbox 430 1941 502 2009; x_wconf 91' lang='lat' dir='ltr'><strong>qua</strong></span> <span class='ocrx_word' id='word_1_106' title='bbox 516 1919 585 1987; x_wconf 88' lang='lat' dir='ltr'><strong>tibi</strong></span> <span class='ocrx_word' id='word_1_107' title='bbox 599 1921 716 1992; x_wconf 87' lang='lat' dir='ltr'><strong>virtus</strong></span> <span class='ocrx_word' id='word_1_108' title='bbox 733 1921 842 2009; x_wconf 87' lang='lat' dir='ltr'><strong>inest,</strong></span> <span class='ocrx_word' id='word_1_109' title='bbox 868 1919 1036 2010; x_wconf 89' lang='lat' dir='ltr'><strong>primum</strong></span> 
     </span>
     <span class='ocr_line' id='line_1_17' title="bbox 69 2017 1034 2110; baseline -0.001 -23"><span class='ocrx_word' id='word_1_110' title='bbox 69 2017 233 2087; x_wconf 86' lang='lat' dir='ltr'><strong>adversus</strong></span> <span class='ocrx_word' id='word_1_111' title='bbox 252 2019 462 2088; x_wconf 86' lang='lat' dir='ltr'><strong>Bresterem</strong></span> <span class='ocrx_word' id='word_1_112' title='bbox 478 2019 519 2088; x_wconf 90' lang='lat' dir='ltr'><strong>in</strong></span> <span class='ocrx_word' id='word_1_113' title='bbox 531 2043 667 2110; x_wconf 87' lang='lat' dir='ltr'><strong>rupem</strong></span> <span class='ocrx_word' id='word_1_114' title='bbox 690 2020 802 2108; x_wconf 88' lang='lat' dir='ltr'><strong>eniti,</strong></span> <span class='ocrx_word' id='word_1_115' title='bbox 837 2019 969 2089; x_wconf 88' lang='lat' dir='ltr'><strong>ceteris</strong></span> <span class='ocrx_word' id='word_1_116' title='bbox 995 2033 1034 2086; x_wconf 88' lang='lat' dir='ltr'><strong>te</strong></span> 
     </span>
     <span class='ocr_line' id='line_1_18' title="bbox 68 2117 1034 2210; baseline 0.002 -24"><span class='ocrx_word' id='word_1_117' title='bbox 68 2117 320 2208; x_wconf 66' lang='lat' dir='ltr'><strong>sequentibus,</strong></span> <span class='ocrx_word' id='word_1_118' title='bbox 348 2118 516 2210; x_wconf 83' lang='lat' dir='ltr'><strong>alioquin</strong></span> <span class='ocrx_word' id='word_1_119' title='bbox 530 2133 569 2186; x_wconf 90' lang='lat' dir='ltr'><strong>te</strong></span> <span class='ocrx_word' id='word_1_120' title='bbox 590 2119 635 2186; x_wconf 93' lang='lat' dir='ltr'><strong>ad</strong></span> <span class='ocrx_word' id='word_1_121' title='bbox 646 2121 792 2187; x_wconf 89' lang='lat' dir='ltr'><strong>nullam</strong></span> <span class='ocrx_word' id='word_1_122' title='bbox 806 2144 887 2188; x_wconf 93' lang='lat' dir='ltr'><strong>rem</strong></span> <span class='ocrx_word' id='word_1_123' title='bbox 897 2119 1034 2188; x_wconf 88' lang='lat' dir='ltr'><strong>utilem</strong></span> 
     </span>
     <span class='ocr_line' id='line_1_19' title="bbox 35 2213 1033 2291; baseline -0.001 -5"><span class='ocrx_word' id='word_1_124' title='bbox 35 2276 39 2286; x_wconf 93' lang='lat'>.</span> <span class='ocrx_word' id='word_1_125' title='bbox 68 2241 142 2286; x_wconf 91' lang='lat' dir='ltr'><strong>esse</strong></span> <span class='ocrx_word' id='word_1_126' title='bbox 160 2239 302 2287; x_wconf 87' lang='lat' dir='ltr'><strong>censeo.</strong></span> <span class='ocrx_word' id='word_1_127' title='bbox 355 2213 564 2291; x_wconf 56' lang='lat' dir='ltr'><strong>&#39;Thrandus</strong></span> <span class='ocrx_word' id='word_1_128' title='bbox 592 2241 680 2286; x_wconf 90' lang='lat' dir='ltr'><strong>eum</strong></span> <span class='ocrx_word' id='word_1_129' title='bbox 697 2220 951 2288; x_wconf 86' lang='lat' dir='ltr'><strong>cummaxime</strong></span> <span class='ocrx_word' id='word_1_130' title='bbox 973 2241 1033 2287; x_wconf 84' lang='lat' dir='ltr'><strong>ex-</strong></span> 
     </span>
     <span class='ocr_line' id='line_1_20' title="bbox 65 2317 1032 2410; baseline -0.003 -23"><span class='ocrx_word' id='word_1_131' title='bbox 65 2320 240 2388; x_wconf 76' lang='lat' dir='ltr'><strong>hortatur.</strong></span> <span class='ocrx_word' id='word_1_132' title='bbox 296 2318 412 2404; x_wconf 82' lang='lat' dir='ltr'><strong>C&#39;ujus</strong></span> <span class='ocrx_word' id='word_1_133' title='bbox 430 2317 535 2385; x_wconf 86' lang='lat' dir='ltr'><strong>dictis</strong></span> <span class='ocrx_word' id='word_1_134' title='bbox 546 2317 765 2410; x_wconf 84' lang='lat' dir='ltr'><strong>Hafgrimus</strong></span> <span class='ocrx_word' id='word_1_135' title='bbox 780 2320 835 2386; x_wconf 85' lang='lat' dir='ltr'><strong>ira</strong></span> <span class='ocrx_word' id='word_1_136' title='bbox 843 2320 1032 2406; x_wconf 91' lang='lat' dir='ltr'><strong>incensus,</strong></span> 
     </span>
     <span class='ocr_line' id='line_1_21' title="bbox 65 2417 1032 2510; baseline -0.004 -23"><span class='ocrx_word' id='word_1_137' title='bbox 65 2420 103 2488; x_wconf 89' lang='lat' dir='ltr'><strong>in</strong></span> <span class='ocrx_word' id='word_1_138' title='bbox 121 2442 253 2510; x_wconf 89' lang='lat' dir='ltr'><strong>rupem</strong></span> <span class='ocrx_word' id='word_1_139' title='bbox 271 2421 392 2488; x_wconf 87' lang='lat' dir='ltr'><strong>evolat</strong></span> <span class='ocrx_word' id='word_1_140' title='bbox 413 2417 458 2486; x_wconf 90' lang='lat' dir='ltr'><strong>ad</strong></span> <span class='ocrx_word' id='word_1_141' title='bbox 478 2421 705 2506; x_wconf 88' lang='lat' dir='ltr'><strong>Bresterem,</strong></span> <span class='ocrx_word' id='word_1_142' title='bbox 739 2443 904 2510; x_wconf 90' lang='lat' dir='ltr'><strong>eumque</strong></span> <span class='ocrx_word' id='word_1_143' title='bbox 924 2419 1032 2486; x_wconf 85' lang='lat' dir='ltr'><strong>hasta</strong></span> 
     </span>
     <span class='ocr_line' id='line_1_22' title="bbox 64 2514 1032 2610; baseline -0.001 -24"><span class='ocrx_word' id='word_1_144' title='bbox 64 2519 264 2590; x_wconf 87' lang='lat' dir='ltr'><strong>transfodit.</strong></span> <span class='ocrx_word' id='word_1_145' title='bbox 317 2521 483 2607; x_wconf 83' lang='lat' dir='ltr'><strong>Brester,</strong></span> <span class='ocrx_word' id='word_1_146' title='bbox 510 2541 548 2587; x_wconf 90' lang='lat' dir='ltr'><strong>se</strong></span> <span class='ocrx_word' id='word_1_147' title='bbox 565 2519 670 2588; x_wconf 86' lang='lat' dir='ltr'><strong>letali</strong></span> <span class='ocrx_word' id='word_1_148' title='bbox 686 2514 844 2587; x_wconf 81' lang='lat' dir='ltr'><strong>vulnere</strong></span> <span class='ocrx_word' id='word_1_149' title='bbox 862 2518 1032 2610; x_wconf 85' lang='lat' dir='ltr'><strong>petisen·</strong></span> 
     </span>
     <span class='ocr_line' id='line_1_23' title="bbox 62 2619 1031 2711; baseline 0 -25"><span class='ocrx_word' id='word_1_150' title='bbox 62 2621 172 2708; x_wconf 85' lang='lat' dir='ltr'><strong>tiens,</strong></span> <span class='ocrx_word' id='word_1_151' title='bbox 197 2619 331 2711; x_wconf 89' lang='lat' dir='ltr'><strong>ipsese</strong></span> <span class='ocrx_word' id='word_1_152' title='bbox 348 2619 480 2688; x_wconf 87' lang='lat' dir='ltr'><strong>ulcisci</strong></span> <span class='ocrx_word' id='word_1_153' title='bbox 499 2621 602 2704; x_wconf 70' lang='lat' dir='ltr'><strong>vult,</strong></span> <span class='ocrx_word' id='word_1_154' title='bbox 637 2619 764 2710; x_wconf 85' lang='lat' dir='ltr'><strong>itaque</strong></span> <span class='ocrx_word' id='word_1_155' title='bbox 784 2619 825 2688; x_wconf 92' lang='lat' dir='ltr'><strong>in</strong></span> <span class='ocrx_word' id='word_1_156' title='bbox 848 2621 971 2688; x_wconf 90' lang='lat' dir='ltr'><strong>telum</strong></span> <span class='ocrx_word' id='word_1_157' title='bbox 992 2641 1031 2686; x_wconf 90' lang='lat' dir='ltr'><strong>se</strong></span> 
     </span>
     <span class='ocr_line' id='line_1_24' title="bbox 62 2718 1030 2812; baseline -0.004 -24"><span class='ocrx_word' id='word_1_158' title='bbox 62 2743 191 2809; x_wconf 87' lang='lat' dir='ltr'><strong>ruens,</strong></span> <span class='ocrx_word' id='word_1_159' title='bbox 233 2742 277 2788; x_wconf 91' lang='lat' dir='ltr'><strong>eo</strong></span> <span class='ocrx_word' id='word_1_160' title='bbox 303 2741 422 2811; x_wconf 90' lang='lat' dir='ltr'><strong>usque</strong></span> <span class='ocrx_word' id='word_1_161' title='bbox 445 2719 705 2812; x_wconf 84' lang='lat' dir='ltr'><strong>progreditur,</strong></span> <span class='ocrx_word' id='word_1_162' title='bbox 744 2719 862 2788; x_wconf 91' lang='lat' dir='ltr'><strong>donec</strong></span> <span class='ocrx_word' id='word_1_163' title='bbox 879 2718 1030 2811; x_wconf 83' lang='lat' dir='ltr'><strong>Hafgri-</strong></span> 
     </span>
     <span class='ocr_line' id='line_1_25' title="bbox 62 2818 1029 2914; baseline -0.002 -26"><span class='ocrx_word' id='word_1_164' title='bbox 62 2843 162 2890; x_wconf 91' lang='lat' dir='ltr'><strong>mum</strong></span> <span class='ocrx_word' id='word_1_165' title='bbox 177 2820 301 2914; x_wconf 80' lang='lat' dir='ltr'><strong>gladio</strong></span> <span class='ocrx_word' id='word_1_166' title='bbox 320 2835 590 2912; x_wconf 81' lang='lat' dir='ltr'><strong>assequeretur,</strong></span> <span class='ocrx_word' id='word_1_167' title='bbox 613 2821 720 2906; x_wconf 88' lang='lat' dir='ltr'><strong>cujus</strong></span> <span class='ocrx_word' id='word_1_168' title='bbox 738 2818 1029 2888; x_wconf 85' lang='lat' dir='ltr'><strong>sinistramaxil-</strong></span> 
     </span>
     <span class='ocr_line' id='line_1_26' title="bbox 61 2918 1029 3010; baseline -0.003 -21"><span class='ocrx_word' id='word_1_169' title='bbox 61 2921 131 2990; x_wconf 91' lang='lat' dir='ltr'><strong>lam</strong></span> <span class='ocrx_word' id='word_1_170' title='bbox 145 2921 195 2989; x_wconf 89' lang='lat' dir='ltr'><strong>ita</strong></span> <span class='ocrx_word' id='word_1_171' title='bbox 216 2921 337 3010; x_wconf 87' lang='lat' dir='ltr'><strong>feriit,</strong></span> <span class='ocrx_word' id='word_1_172' title='bbox 370 2935 414 2988; x_wconf 90' lang='lat' dir='ltr'><strong>ut</strong></span> <span class='ocrx_word' id='word_1_173' title='bbox 431 2935 555 2989; x_wconf 90' lang='lat' dir='ltr'><strong>totum</strong></span> <span class='ocrx_word' id='word_1_174' title='bbox 572 2922 669 2987; x_wconf 88' lang='lat' dir='ltr'><strong>latus</strong></span> <span class='ocrx_word' id='word_1_175' title='bbox 687 2919 734 2989; x_wconf 89' lang='lat' dir='ltr'><strong>ad</strong></span> <span class='ocrx_word' id='word_1_176' title='bbox 749 2919 870 2990; x_wconf 88' lang='lat' dir='ltr'><strong>imum</strong></span> <span class='ocrx_word' id='word_1_177' title='bbox 888 2918 1029 2986; x_wconf 88' lang='lat' dir='ltr'><strong>abscin-</strong></span> 
     </span>
     <span class='ocr_line' id='line_1_27' title="bbox 62 3018 1028 3113; baseline -0.008 -21"><span class='ocrx_word' id='word_1_178' title='bbox 62 3020 179 3112; x_wconf 85' lang='lat' dir='ltr'><strong>deret,</strong></span> <span class='ocrx_word' id='word_1_179' title='bbox 212 3019 509 3113; x_wconf 83' lang='lat' dir='ltr'><strong>Hafgrimusque</strong></span> <span class='ocrx_word' id='word_1_180' title='bbox 535 3020 713 3090; x_wconf 88' lang='lat' dir='ltr'><strong>exanimis</strong></span> <span class='ocrx_word' id='word_1_181' title='bbox 730 3043 750 3088; x_wconf 89' lang='lat' dir='ltr'><strong>e</strong></span> <span class='ocrx_word' id='word_1_182' title='bbox 766 3041 861 3110; x_wconf 88' lang='lat' dir='ltr'><strong>rupe</strong></span> <span class='ocrx_word' id='word_1_183' title='bbox 882 3018 1028 3086; x_wconf 88' lang='lat' dir='ltr'><strong>delabe-</strong></span> 
     </span>
     <span class='ocr_line' id='line_1_28' title="bbox 60 3119 1028 3214; baseline -0.005 -24"><span class='ocrx_word' id='word_1_184' title='bbox 60 3138 168 3214; x_wconf 89' lang='lat' dir='ltr'><strong>retur,</strong></span> <span class='ocrx_word' id='word_1_185' title='bbox 196 3144 384 3214; x_wconf 87' lang='lat' dir='ltr'><strong>superque</strong></span> <span class='ocrx_word' id='word_1_186' title='bbox 398 3121 509 3192; x_wconf 89' lang='lat' dir='ltr'><strong>illum</strong></span> <span class='ocrx_word' id='word_1_187' title='bbox 523 3123 680 3190; x_wconf 89' lang='lat' dir='ltr'><strong>Brester.</strong></span> <span class='ocrx_word' id='word_1_188' title='bbox 733 3123 815 3190; x_wconf 85' lang='lat' dir='ltr'><strong>Jam</strong></span> <span class='ocrx_word' id='word_1_189' title='bbox 828 3119 1028 3188; x_wconf 88' lang='lat' dir='ltr'><strong>Beinerem</strong></span> 
     </span>
     <span class='ocr_line' id='line_1_29' title="bbox 59 3223 1025 3317; baseline -0.005 -29"><span class='ocrx_word' id='word_1_190' title='bbox 59 3223 297 3317; x_wconf 84' lang='lat' dir='ltr'><strong>impugnant,</strong></span> <span class='ocrx_word' id='word_1_191' title='bbox 331 3223 397 3291; x_wconf 90' lang='lat' dir='ltr'><strong>ille</strong></span> <span class='ocrx_word' id='word_1_192' title='bbox 422 3243 510 3290; x_wconf 83' lang='lat' dir='ltr'><strong>vero</strong></span> <span class='ocrx_word' id='word_1_193' title='bbox 538 3235 690 3289; x_wconf 88' lang='lat' dir='ltr'><strong>strenue</strong></span> <span class='ocrx_word' id='word_1_194' title='bbox 717 3241 757 3289; x_wconf 83' lang='lat' dir='ltr'><strong>se</strong></span> <span class='ocrx_word' id='word_1_195' title='bbox 775 3231 942 3304; x_wconf 85' lang='lat' dir='ltr'><strong>tutatur,</strong></span> <span class='ocrx_word' id='word_1_196' title='bbox 981 3239 1025 3284; x_wconf 89' lang='lat' dir='ltr'><strong>eo</strong></span> 
     </span>
     <span class='ocr_line' id='line_1_30' title="bbox 58 3317 1025 3411; baseline -0.006 -23"><span class='ocrx_word' id='word_1_197' title='bbox 58 3335 179 3392; x_wconf 88' lang='lat' dir='ltr'><strong>tamen</strong></span> <span class='ocrx_word' id='word_1_198' title='bbox 195 3323 317 3411; x_wconf 85' lang='lat' dir='ltr'><strong>exitu,</strong></span> <span class='ocrx_word' id='word_1_199' title='bbox 342 3337 386 3390; x_wconf 94' lang='lat' dir='ltr'><strong>ut</strong></span> <span class='ocrx_word' id='word_1_200' title='bbox 400 3321 547 3392; x_wconf 87' lang='lat' dir='ltr'><strong>caderet</strong></span> <span class='ocrx_word' id='word_1_201' title='bbox 563 3321 753 3411; x_wconf 85' lang='lat' dir='ltr'><strong>vitamque</strong></span> <span class='ocrx_word' id='word_1_202' title='bbox 768 3329 935 3410; x_wconf 86' lang='lat' dir='ltr'><strong>poneret.</strong></span> <span class='ocrx_word' id='word_1_203' title='bbox 965 3317 1025 3384; x_wconf 86' lang='lat' dir='ltr'><strong>Sic</strong></span> 
     </span>
     <span class='ocr_line' id='line_1_31' title="bbox 59 3415 1026 3512; baseline -0.005 -24"><span class='ocrx_word' id='word_1_204' title='bbox 59 3420 200 3512; x_wconf 88' lang='lat' dir='ltr'><strong>dicunt,</strong></span> <span class='ocrx_word' id='word_1_205' title='bbox 214 3426 434 3509; x_wconf 16' lang='lat' dir='ltr'><strong>‘Bresterem</strong></span> <span class='ocrx_word' id='word_1_206' title='bbox 448 3435 628 3512; x_wconf 87' lang='lat' dir='ltr'><strong>quatuor,</strong></span> <span class='ocrx_word' id='word_1_207' title='bbox 652 3421 851 3490; x_wconf 90' lang='lat' dir='ltr'><strong>Beinerem</strong></span> <span class='ocrx_word' id='word_1_208' title='bbox 867 3417 960 3486; x_wconf 92' lang='lat' dir='ltr'><strong>duos</strong></span> <span class='ocrx_word' id='word_1_209' title='bbox 973 3415 1026 3483; x_wconf 88' lang='lat' dir='ltr'><strong>vi-</strong></span> 
     </span>
     <span class='ocr_line' id='line_1_32' title="bbox 56 3515 1030 3614; baseline -0.006 -26"><span class='ocrx_word' id='word_1_210' title='bbox 56 3542 132 3612; x_wconf 87' lang='lat' dir='ltr'><strong>ros,</strong></span> <span class='ocrx_word' id='word_1_211' title='bbox 153 3538 358 3614; x_wconf 88' lang='lat' dir='ltr'><strong>antequam</strong></span> <span class='ocrx_word' id='word_1_212' title='bbox 381 3521 649 3610; x_wconf 89' lang='lat' dir='ltr'><strong>occubuerint,</strong></span> <span class='ocrx_word' id='word_1_213' title='bbox 682 3542 846 3589; x_wconf 88' lang='lat' dir='ltr'><strong>necasse.</strong></span> <span class='ocrx_word' id='word_1_214' title='bbox 908 3515 1030 3588; x_wconf 59' lang='lat' dir='ltr'><strong>Deinss</strong></span> 
     </span>
     <span class='ocr_line' id='line_1_33' title="bbox 57 3617 1025 3714; baseline -0.007 -25"><span class='ocrx_word' id='word_1_215' title='bbox 57 3644 136 3714; x_wconf 89' lang='lat' dir='ltr'><strong>ceps</strong></span> <span class='ocrx_word' id='word_1_216' title='bbox 148 3623 355 3696; x_wconf 76' lang='lat' dir='ltr'><strong>Thrandus</strong></span> <span class='ocrx_word' id='word_1_217' title='bbox 373 3643 529 3714; x_wconf 87' lang='lat' dir='ltr'><strong>pueros,</strong></span> <span class='ocrx_word' id='word_1_218' title='bbox 554 3622 802 3714; x_wconf 84' lang='lat' dir='ltr'><strong>Sigmundum</strong></span> <span class='ocrx_word' id='word_1_219' title='bbox 823 3633 861 3689; x_wconf 90' lang='lat' dir='ltr'><strong>et</strong></span> <span class='ocrx_word' id='word_1_220' title='bbox 883 3617 1025 3691; x_wconf 82' lang='lat' dir='ltr'><strong>Thora-</strong></span> 
     </span>
     <span class='ocr_line' id='line_1_34' title="bbox 54 3720 1022 3812; baseline -0.006 -23"><span class='ocrx_word' id='word_1_221' title='bbox 54 3731 158 3812; x_wconf 84' lang='lat' dir='ltr'><strong>rem,¹</strong></span> <span class='ocrx_word' id='word_1_222' title='bbox 176 3725 338 3793; x_wconf 86' lang='lat' dir='ltr'><strong>interfici</strong></span> <span class='ocrx_word' id='word_1_223' title='bbox 354 3724 472 3809; x_wconf 75' lang='lat' dir='ltr'><strong>iussit.</strong></span> <span class='ocrx_word' id='word_1_224' title='bbox 537 3721 706 3808; x_wconf 88' lang='lat' dir='ltr'><strong>Bjarnius</strong></span> <span class='ocrx_word' id='word_1_225' title='bbox 732 3720 901 3812; x_wconf 88' lang='lat' dir='ltr'><strong>reponit:</strong></span> <span class='ocrx_word' id='word_1_226' title='bbox 937 3730 1022 3786; x_wconf 85' lang='lat' dir='ltr'><strong>veto</strong></span> 
     </span>
     <span class='ocr_line' id='line_1_35' title="bbox 53 3817 1019 3912; baseline -0.002 -24"><span class='ocrx_word' id='word_1_227' title='bbox 53 3821 221 3894; x_wconf 87' lang='lat' dir='ltr'><strong>interfici.</strong></span> <span class='ocrx_word' id='word_1_228' title='bbox 273 3825 317 3892; x_wconf 94' lang='lat' dir='ltr'><strong>Id</strong></span> <span class='ocrx_word' id='word_1_229' title='bbox 334 3847 378 3892; x_wconf 90' lang='lat' dir='ltr'><strong>eo</strong></span> <span class='ocrx_word' id='word_1_230' title='bbox 392 3823 510 3912; x_wconf 84' lang='lat' dir='ltr'><strong>valet,</strong></span> <span class='ocrx_word' id='word_1_231' title='bbox 536 3821 736 3894; x_wconf 90' lang='lat' dir='ltr'><strong>Thrandus</strong></span> <span class='ocrx_word' id='word_1_232' title='bbox 752 3820 888 3910; x_wconf 82' lang='lat' dir='ltr'><strong>iuquit,</strong></span> <span class='ocrx_word' id='word_1_233' title='bbox 904 3817 1019 3910; x_wconf 89' lang='lat' dir='ltr'><strong>quod,</strong></span> 
     </span>
     <span class='ocr_line' id='line_1_36' title="bbox 54 3922 1014 4016; baseline 0 -28"><span class='ocrx_word' id='word_1_234' title='bbox 54 3924 83 3990; x_wconf 84' lang='lat' dir='ltr'><strong>si</strong></span> <span class='ocrx_word' id='word_1_235' title='bbox 96 3926 170 3994; x_wconf 84' lang='lat' dir='ltr'><strong>vita</strong></span> <span class='ocrx_word' id='word_1_236' title='bbox 186 3925 395 4016; x_wconf 87' lang='lat' dir='ltr'><strong>donantur,</strong></span> <span class='ocrx_word' id='word_1_237' title='bbox 423 3923 498 4013; x_wconf 91' lang='lat' dir='ltr'><strong>tui,</strong></span> <span class='ocrx_word' id='word_1_238' title='bbox 521 3922 664 4010; x_wconf 89' lang='lat' dir='ltr'><strong>Bjarui!</strong></span> <span class='ocrx_word' id='word_1_239' title='bbox 692 3935 730 3992; x_wconf 87' lang='lat' dir='ltr'><strong>et</strong></span> <span class='ocrx_word' id='word_1_240' title='bbox 743 3923 1014 4013; x_wconf 88' lang='lat' dir='ltr'><strong>plerorumque</strong></span> 
     </span>
    </p>
   </div>
   <div class='ocr_carea' id='block_1_3' title="bbox 53 4085 314 4103">
    <p class='ocr_par' dir='ltr' id='par_1_3' title="bbox 53 4085 314 4103">
     <span class='ocr_line' id='line_1_37' title="bbox 53 4085 314 4103; baseline -0.015 2"><span class='ocrx_word' id='word_1_241' title='bbox 53 4085 314 4103; x_wconf 48' lang='lat' dir='ltr'><strong>*nu-</strong></span> 
     </span>
    </p>
   </div>
   <div class='ocr_carea' id='block_1_4' title="bbox 56 4139 895 4218">
    <p class='ocr_par' dir='ltr' id='par_1_4' title="bbox 56 4139 895 4218">
     <span class='ocr_line' id='line_1_38' title="bbox 56 4139 895 4218; baseline -0.007 -20"><span class='ocrx_word' id='word_1_242' title='bbox 56 4139 84 4210; x_wconf 79' lang='lat'><strong>¹)</strong></span> <span class='ocrx_word' id='word_1_243' title='bbox 100 4160 127 4197; x_wconf 85' lang='lat' dir='ltr'><strong>at</strong></span> <span class='ocrx_word' id='word_1_244' title='bbox 142 4149 283 4217; x_wconf 68' lang='lat' dir='ltr'><strong>akotspoeni</strong></span> <span class='ocrx_word' id='word_1_245' title='bbox 290 4186 298 4213; x_wconf 83' lang='lat'><strong>,</strong></span> <span class='ocrx_word' id='word_1_246' title='bbox 317 4151 390 4218; x_wconf 82' lang='lat' dir='ltr'><strong>scopi</strong></span> <span class='ocrx_word' id='word_1_247' title='bbox 405 4148 480 4213; x_wconf 83' lang='lat' dir='ltr'><strong>loco,</strong></span> <span class='ocrx_word' id='word_1_248' title='bbox 501 4145 559 4198; x_wconf 80' lang='lat' dir='ltr'><strong>telis</strong></span> <span class='ocrx_word' id='word_1_249' title='bbox 575 4144 719 4210; x_wconf 80' lang='lat' dir='ltr'><strong>feriendos,</strong></span> <span class='ocrx_word' id='word_1_250' title='bbox 742 4143 804 4197; x_wconf 78' lang='lat' dir='ltr'><strong>add.</strong></span> <span class='ocrx_word' id='word_1_251' title='bbox 815 4143 845 4192; x_wconf 86' lang='lat' dir='ltr'><strong>B.</strong></span> <span class='ocrx_word' id='word_1_252' title='bbox 864 4139 895 4195; x_wconf 82' lang='lat' dir='ltr'><strong>C.</strong></span> 
     </span>
    </p>
   </div>
   <div class='ocr_carea' id='block_1_5' title="bbox 0 0 1256 4774">
    <p class='ocr_par' dir='ltr' id='par_1_5' title="bbox 0 0 1256 4774">
     <span class='ocr_line' id='line_1_39' title="bbox 0 0 1256 4774; baseline 0 10"><span class='ocrx_word' id='word_1_253' title='bbox 0 0 1256 4774; x_wconf 95' lang='lat' dir='ltr'><strong> </strong></span> 
     </span>
    </p>
   </div>
  </div>
 </body>
</html>
