2550 4772
342 224 402 352 52'
586 353 590 360 ,
626 283 898 320 ·····“·····
1138 246 1235 368 tue.

278 515 348 586 per
364 513 404 564 ss
417 489 479 562 vix
495 484 745 590 sufficientem
758 490 860 584 iore,
887 492 921 564 si
935 505 996 564 res
1010 491 1112 562 inter
1124 495 1185 556 eds
1198 487 1237 557 ad

277 597 355 666 iras
379 607 570 668 verteret.
590 680 594 692 ¹
615 589 736 678 'Cujus
762 591 1043 686 disceptationis
1068 586 1112 658 is·
1126 589 1236 658 exitus

277 694 375 783 tuit,
410 709 455 764 ut
481 683 655 781 exsiliens
676 692 894 764 Hallfrbdus
916 696 1089 764 Ottarem
1110 689 1236 776 securi,

276 817 396 888 quam
404 793 443 862 ei
462 791 803 886 HakonusSatrapa
819 795 918 866 dono
936 793 1104 878 dederat,
1141 787 1239 858 letali

278 897 435 966 vulnere
450 892 592 986 feriret.
618 973 621 982 .
643 893 771 964 Kalius
792 893 909 987 etqui
931 895 1107 988 aderant,
1141 889 1238 960 Hall-

278 995 431 1066 {rodum
444 993 767 1084 comprehensum
784 995 1027 1086 compedibus
1042 1005 1080 1060 et
1092 989 1240 1059 manicis

278 1097 490 1186 vinxerunt.
540 1095 622 1164 Lex
642 1106 740 1182 erat,
765 1095 797 1164 si
812 1093 1102 1188 quishominem
1116 1089 1239 1174 inaedi-

278 1199 350 1267 bus
365 1195 481 1288 regiis
496 1196 769 1282 obtruncasset,
801 1209 847 1264 ut
866 1210 988 1264 morte
1004 1196 1238 1286 plecteretur.

276 1294 410 1371 tultus
422 1317 465 1364 ac
480 1293 540 1364 sui
552 1315 683 1386 regem
701 1295 860 1382 adeunt,
886 1295 1027 1364 caedem
1038 1292 1175 1363 Ottaris
1187 1315 1239 1359 re-

279 1395 481 1484 nunciant,
507 1393 626 1486 qualis
637 1394 754 1464 homo
768 1395 983 1468 Hallfrodus
1001 1409 1115 1481 esset,
1147 1415 1240 1460 nunc

278 1496 655 1588 apparerediceutes:
686 1496 758 1563 hac
766 1497 931 1584 ratione,
956 1495 1009 1564 ait
1023 1494 1165 1580 Kalfus,
1180 1515 1240 1559 au·

274 1599 443 1668 -ncorum
468 1596 641 1666 cohortes
666 1609 827 1664 atterere
840 1598 991 1689 cogitat,
1016 1618 1142 1684 neque
1155 1593 1238 1661 adeo

280 1711 430 1768 certum
450 1709 525 1784 est,
560 1719 609 1766 an
629 1695 702 1784 ipsi
724 1695 857 1786 capiti,
894 1699 926 1766 si
953 1695 1099 1764 occasio
1117 1692 1239 1779 fuerit,

279 1815 460 1888 parsurus
477 1797 534 1864 sit
586 1795 717 1866 Kalfus
732 1809 771 1862 et
783 1797 876 1865 socii
894 1796 1136 1871 Hallirbdum
1144 1794 1240 1862 omni

276 1897 531 1986 modoquam
561 1894 723 1968 maxime
750 1897 1096 1983 calumniabantur,
1126 1917 1239 1984 usque

280 2021 328 2068 eo
339 1997 457 2066 donec
466 2019 552 2084 rex,
576 2011 621 2064 ut
629 1996 811 2086 postridie
823 1995 1111 2082 interficeretur,
1124 1994 1237 2082 iussit.

274 2097 412 2170 nanus
434 2097 506 2168 hac
533 2119 575 2164 re
587 2097 734 2168 laetatus
750 2112 814 2164 est.
866 2102 991 2168 Noctu
1005 2095 1240 2168 Hallfrbdum

273 2199 323 2268 in
340 2197 499 2268 vinculis
521 2199 735 2284 servabant,
763 2220 926 2288 eumque
942 2197 1123 2288 postridie
1137 2219 1239 2264 mane

273 2299 329 2370 nd
343 2295 776 2390 suppliciumducebant.
796 2303 898 2370 Tum
908 2297 1124 2368 Hallfrodus
1134 2321 1141 2362 :
1151 2317 1239 2364 num

280 2413 456 2470 mortuus
484 2411 556 2485 est,
592 2397 656 2468 cui
676 2397 977 2484 vulnusiuflixi?
1035 2396 1114 2466 Illis
1139 2396 1239 2464 adfir-

281 2499 496 2584 mantibus,
533 2495 768 2584 Hallfrbdus:
802 2497 893 2566 adeo
921 2498 1057 2592 diguus
1078 2496 1239 2582 videbor,

274 2597 350 2692 qui
362 2597 524 2696 morian
550 2597 615 2668 sed
631 2593 699 2666 ubi
715 2597 853 2666 Olavus
869 2598 959 2668 rex?
1010 2593 1112 2690 Quid
1129 2595 1178 2690 ¹ad
1193 2612 1239 2682 te,

279 2698 480 2792 inquiunt5
496 2697 574 2784 iam
587 2713 625 2768 te
638 2712 759 2766 morte
776 2697 974 2767 damnavit.
1009 2695 1239 2768 Hallfr‘ddus:

282 2799 397 2890 siqui
411 2798 475 2868 hic
489 2799 640 2886 adsunt,
666 2791 712 2866 de
724 2795 861 2890 quibus
873 2796 970 2868 bene
986 2795 1057 2866 sim
1073 2794 1240 2883 meritus,

275 2921 383 2984 ¹nuno
399 2897 496 2969 mihi
515 2903 600 2968 eam
625 2897 789 2967 referant
808 2901 988 2992 gratiam,
1026 2911 1071 2966 ut
1095 2920 1156 2966 me
1179 2897 1241 2965 du-

283 3001 504 3091 caut'prope
524 3024 587 3098 eo,
631 2997 698 3068 ubi
722 3021 788 3067 rex
808 3000 877 3083 sita
903 3021 973 3092 pro
997 2999 1120 3068 aulico
1144 2997 1241 3066 enim

266 3099 446 3194 bospitio
469 3101 604 3192 gratias
625 3099 661 3170 ei
684 3114 795 3193 agere
816 3101 913 3168 volo.
974 3101 1077 3172 Tum
1108 3097 1240 3184 evenit,

245 3293 247 3300 s
283 3201 385 3292 quod
400 3201 514 3312 vulgo
538 3199 693 3288 dicitur,
723 3200 872 3268 'habere
894 3219 1084 3292 quemque
1107 3198 1148 3267 in
1174 3197 1242 3266 ini-

281 3295 391 3371 micis
411 3319 585 3370 am1cu1n.
621 3291 786 3369 Aderant
798 3299 888 3388 viri,
916 3299 987 3392 qui'
998 3314 1243 3392 agnoverunt,

281 3389 521 3474 Hallfrddurn
535 3399 605 3468 sibi
618 3399 714 3468 bene
728 3399 876 3484 fecisse3
899 3399 940 3468 hi
958 3417 1047 3468 eum
1060 3399 1245 3467 ducebant

282 3493 384 3570 haud
396 3488 532 3590 procul
548 3497 654 3587 inde,
679 3495 746 3570 ubi
759 3517 825 3568 rex
841 3499 978 3569 Olavus
995 3511 1033 3568 et
1050 3499 1242 3592 Sigurdus,

284 3599 480 3691 episcopus
496 3593 658 3686 aulicus,
683 3601 875 3670 constituti
889 3609 1003 3669 erant.
1064 3603 1166 3694 Quos
1183 3623 1244 3691 ap·

281 3699 539 3792 propinquans
563 3699 800 3793 Hallfrddus,
838 3721 968 3794 regem
994 3696 1244 3789 compellavit,

282 3798 423 3870 dicens=
456 3813 668 3889 memento,
707 3801 876 3872 domine!
912 3795 1012 3892 quod
1036 3796 1133 3868 mihi
1159 3823 1246 3891 pro-

282 3899 448 3987 miseris,
480 3913 518 3982 te
545 3923 742 3992 uunquam
755 3899 1107 3984 meabdicaturum3
1131 3895 1248 3970 fidem

280 4025 328 4072 ne
353 3999 489 4088 violes,
520 4000 610 4070 alias
629 3999 822 4070 convictus
840 4015 967 4070 noster
987 3998 1136 4070 brevior
1161 4003 1247 4090 erit,

281 4124 395 4193 quam
408 4113 587 4191 optarem,
623 4103 749 4172 Altera
763 4121 820 4170 res
828 4121 842 4192 5
868 4110 981 4194 quam
997 4101 1163 4192 afferam,
1179 4117 1247 4193 est,
