2528 4770
274 285 362 376 328
559 273 827 358 m
1070 293 1139 362 255
1157 296 1196 356 e.

211 517 294 588 'rice
309 509 445 606 potiri,
473 505 573 598 quod
594 527 745 596 quoque
759 503 918 574 minime
932 505 1086 598 mirum,
1101 531 1199 578 cum

212 630 382 712 proretas
397 613 437 680 in
453 609 622 677 Barbone
636 607 943 690 commutaverim
964 611 1040 678 exit
1058 634 1134 699 res,
1150 623 1201 678 ut

212 717 325 788 hodie
351 710 527 804 praedixi,
564 729 654 776 eum
668 728 747 774 non
760 706 994 796 superiorem
1008 709 1201 780 discessu-

212 819 317 906 rum,
344 815 375 883 si
389 811 558 884 Thorem
575 807 616 876 in
636 827 749 897 prora
765 806 967 878 habuisset.
1023 811 1080 880 Ob
1106 835 1200 880 eam

214 940 304 988 vero
320 933 490 999 causam,
506 909 606 1001 quod
620 905 734 974 multi
750 931 795 976 ex
813 908 928 998 copiis
946 924 1102 1000 satrapae
1116 935 1197 980 ser-

214 1033 390 1115 pentem,
425 1023 610 1102 quantum
630 1029 765 1098 capere
788 1007 935 1100 potuit,
963 1009 1197 1082 conscende-

215 1132 323 1200 rant,
355 1133 470 1206 parva
486 1123 614 1178 autem
629 1107 772 1176 adesset
789 1133 942 1201 manus,
976 1134 1058 1202 quae
1075 1125 1198 1180 tantae

214 1213 454 1289 multitudini
467 1211 659 1279 resisteret
669 1205 725 1300 *)‚
752 1209 857 1277 brevi
871 1212 1053 1301 temporis
1070 1213 1196 1304 spatio

216 1317 331 1389 multi
353 1313 525 1384 occidere
552 1309 659 1378 Olavi
682 1310 780 1404 regis
810 1311 981 1399 athletae,
1022 1313 1197 1403 quamvis

217 1417 364 1489 robusti
383 1427 495 1504 etque
512 1409 649 1494 fortes5
678 1409 896 1480 ceciderunt
912 1412 1024 1482 ambo
1045 1411 1195 1500 fratreS,

218 1515 425 1612 progeneri
441 1512 560 1603 regis,
592 1511 819 1603 Hyrningrit
836 1523 873 1578 et
890 1513 1102 1604 Thorgerr,
1130 1514 1196 1584 Vi-

217 1623 286 1688 lrar
312 1641 358 1685 ex
374 1611 658 1687 Tiundalandia·
676 1627 714 1694 et
727 1609 836 1681 Ullus
854 1607 1067 1704 liuius**),
1094 1607 1196 1684 'r'nul-

217 1723 324 1809 tique
336 1715 400 1785 alii
416 1713 559 1782 strenui
572 1711 661 1797 viri,
690 1711 882 1806 egregiam
898 1713 956 1782 sui
967 1715 1198 1782 memoriam

219 1819 491 1908 relinquentes.
552 1810 749 1899 Kolbjiirn,
783 1827 909 1880 orator
928 1813 1074 1905 regius,
1108 1837 1199 1905 pro·

218 1943 301 1989 ram
318 1940 406 1984 cum
427 1915 508 1983 aliis
527 1911 723 1980 anterioris
740 1911 844 1980 navis
863 1911 1119 1983 defensoribus
1135 1927 1199 1982 tu-

159 2056 162 2064 ·
219 2034 320 2088 tatus
336 2015 481 2096 iuerat,
512 2013 543 2079 is
567 2011 756 2080 consimili
770 2033 963 2082 armorum
980 2028 1018 2081 et
1033 2015 1200 2084 vestium

219 2130 403 2210 apparatu
430 2113 586 2182 indutus
605 2125 702 2199 erat,
734 2125 847 2204 atque
869 2113 1007 2182 Olavus
1032 2137 1122 2200 rex5
1159 2129 1201 2183 et

222 2226 307 2288 eam
330 2213 483 2306 quidem
499 2213 556 2308 ⁴ob
583 2231 752 2301 causam,
796 2211 897 2304 quod
920 2215 1128 2309 cogitabat,
1166 2216 1201 2284 si

222 2341 316 2410 opus
339 2309 455 2402 foret,
490 2327 534 2382 ut
558 2337 659 2382 nunc
682 2329 858 2402 reserat,
888 2335 1006 2406 opem
1030 2316 1202 2406 aliquam

223 2423 340 2489 Olavo
355 2415 437 2509 regi
446 2415 555 2482 ferre.
611 2414 708 2482 Cum
725 2429 852 2484 autem
867 2415 1124 2485 strenuissima
1139 2441 1202 2484 re-

221 2521 278 2614 gis
291 2518 396 2586 Olavi
412 2513 604 2584 manus'in
621 2513 785 2605 primate
798 2515 1052 2584 interscalmio
1063 2517 1202 2586 eadere

223 2619 414 2710 coepisset,
452 2615 634 2699 Kolbjbrn
656 2615 794 2684 celsam
818 2617 978 2708 puppim
1001 2617 1048 2686 ad
1067 2637 1204 2712 regem

223 2719 408 2799 ascendit3
437 2715 502 2806 qui
516 2737 604 2782 cum
618 2714 792 2790 omniurn
807 2713 1008 2794 hominum
1019 2731 1117 2786 esset
1127 2733 1204 2786 sta-

222 2833 309 2888 tura
325 2815 514 2886 maximus
536 2827 573 2881 et
587 2827 743 2906 aspectu
763 2815 1076 2910 pulcherrimus,
1096 2817 1206 2898 haud

221 2920 301 2986 'cito
318 2915 479 2986 discerni
493 2906 655 2984 invicem
675 2929 847 3005 potuere.
902 2915 1005 2990 Tum
1021 2931 1126 2987 tanta
1144 2929 1206 2986 te-

221 3013 350 3090 lorum
372 3013 576 3084 multitudo
600 3016 641 3083 in
661 3017 800 3086 celsam
818 3017 979 3108 puppim
1002 3018 1208 3111 ingereba-

222 3123 305 3207 tur,
339 3131 384 3186 ut
401 3119 555 3210 clypeus
574 3113 681 3184 Olavi
695 3107 815 3208 regis,
849 3135 1012 3186 necnon
1029 3119 1208 3204 Kolbjor-

225 3211 297 3310 nis,
316 3215 795 3289 telisinhaerentibusvelut
808 3215 1082 3286 cirratusesset.
1102 3219 1209 3288 Cum

224 3315 1209 3412 verosuiadcelsampuppimtenderent,tamsplen-

227 3420 311 3488 dida
329 3421 395 3486 lux
408 3435 540 3510 regem
558 3419 801 3506 supervenire
817 3417 894 3486 visa
912 3432 985 3506 est,
1000 3433 1057 3504 ,ut
1072 3425 1211 3489 contra

227 3520 418 3610 adspicere
433 3519 653 3606 nequirent,
681 3517 886 3587 decedente
903 3541 991 3587 vero
1004 3521 1112 3610 luce,
1140 3544 1210 3588 rex

199 3625 203 3638 '
228 3621 366 3688 Olavus
382 3617 555 3708 nuspiam
576 3619 759 3708 apparuit.

227 3741 496 3758 w

227 3788 259 3857 ³¹¹)
277 3808 307 3836 en
329 3784 502 3848 lr'rir-ler,
530 3785 582 3852 ῥά]
604 3745 696 3834 absunt
716 3785 744 3833 in
769 3754 800 3834 li.
855 3781 901 3851 ⁴¹⁴²)
924 3734 1066 3837 Endridius
1091 3788 1209 3844 Plautus.
1260 3775 1261 3814 i

267 3877 424 3927 Thorsleinn
438 3873 527 3939 albus,
549 3871 707 3927 Tirorsteinn
717 3876 836 3952 'Skclkus
850 3861 1055 3944 (meticulosus),
1075 3879 1212 3943 lvarLjo-
1260 3889 1261 3940 l

230 3989 232 3994 ·
269 3971 336 4018 nlius
352 3966 511 4037 (splendor),
528 3960 588 4020 add.
603 3969 634 4020 F·
716 3963 721 3970 ⁸

500 4151 954 4179 -ψ--ιιι--ν--ω
