2550 4772
282 261 370 361 ΩΑ,
573 281 863 346 Ξ·
966 311 968 318 ,
1090 271 1198 356 asco

229 504 303 566 tur.
356 489 425 562 His
447 490 544 562 actis·
555 489 792 563 occidentem
806 492 992 562 versusi'n
1013 488 1135 564 Daio'e
1148 496 1205 558 te·

228 590 369 682 tendit,
401 592 573 686 bonaque
590 589 786 662 munerea
800 593 1031 666 Thorsteine
1048 604 1206 682 cognato

231 715 298 761 suo
313 694 466 784 accepit.
519 695 689 764 Domum
705 693 991 764 autemdelatus
1008 713 1096 760 cum
1107 689 1207 781 p‘atri

231 793 379 864 consilii
409 793 660 862 mutationem
693 792 1107 884 aperuissetaosslavus
1136 791 1204 878 ait,

230 893 468 966 festinantius
501 893 727 982 honorem,
770 893 974 986 cognotola
988 890 1206 974 decrevisti,

232 993 331 1064 nihil
357 1007 485 1064 tamen
512 993 732 1063 retractabo.
796 993 914 1064 Paulo
942 1005 1036 1084 post.
1052 992 1208 1078 Kjartau

232 1094 379 1186 Longas
406 1115 502 1188 equo
525 1107 673 1182 vectus,
712 1093 908 1178 .Gudrunae
932 1093 1130 1180 indicavit,
1168 1113 1208 1160 se

232 1214 392 1286 peregre
410 1195 611 1265 abiturum.
677 1191 756 1264 ma·
769 1217 858 1264 eum
877 1193 1077 1262 consilium
1095 1191 1206 1260 nimis

232 1287 452 1387 properasse
472 1293 584 1381 dixit,
611 1294 721 1385 plura
729 1293 841 1364 verba
858 1293 904 1361 de
918 1294 988 1361 hac
1000 1317 1042 1360 ra
1057 1293 1208 1378 jactans,

236 1393 621 1488 quibusintelligeret
636 1395 809 1482 Kjartan,
847 1393 920 1484 ipsi
944 1393 1017 1461 hoc
1038 1413 1116 1462 non
1132 1393 1210 1482 pla'-

235 1519 330 1564 cere.
377 1493 449 1562 Cui
464 1495 637 1582 Kjartant
660 1493 691 1560 si
712 1493 784 1562 tibi
794 1495 866 1564 boc
881 1493 1071 1584 displicet,
1095 1492 1210 1560 aliam

235 1619 339 1682 ram,
371 1617 454 1686 quae
476 1595 545 1664 tibi
562 1595 729 1685 placeat,
762 1593 910 1664 faciam.
981 1596 1035 1664 Ea
1059 1606 1207 1662 contra:

235 1697 308 1767 hoc
321 1699 476 1786 praesta,
502 1693 646 1762 numid
663 1715 753 1764 mox
769 1696 896 1786 palam
914 1692 1059 1762 faciam.
1102 1691 1210 1786 Quod

236 1810 282 1864 ut
302 1793 460 1884 faceret,
506 1815 595 1864 cum
626 1791 694 1862 ille
724 1795 966 1885 postulasset,
1009 1785 1208 1864 Gudruna':

234 1911 384 1984 tecum,
424 1891 568 1986 inquit,
602 1893 676 1964 hac
699 1909 824 1962 aestate
846 1913 1006 1986 peregre
1017 1891 1209 1984 ¹proficisci

236 1996 334 2084 volo,
361 2015 435 2085 qua
452 1994 545 2063 inre
572 1992 666 2061 mihi
683 1987 729 2062 de
753 2007 834 2062 tam
846 1992 1032 2088 precipiti
1053 1991 1207 2062 consilio

238 2094 479 2182 satisfeceris,
510 2095 617 2164 nullo
641 2093 928 2164 enimIslandiae
946 2092 1132 2162 desiderio
1156 2105 1209 2159 te-

237 2217 342 2266 neor.
363 2249 366 2254 .
395 2195 440 2266 Ei
455 2193 627 2280 Kjartan:
653 2194 725 2264 hoc
739 2193 846 2264 nullo
861 2208 974 2286 pacto
990 2193 1095 2262 licet:
1121 2215 1209 2261 nam

238 2295 371 2366 fratres
388 2295 445 2362 tui
459 2293 624 2362 consiliis
645 2308 733 2361 sunt
747 2293 963 2383 immaturi,
998 2307 1106 2384 pater
1123 2314 1208 2362 vero

240 2417 374 2478 senem
402 2417 531 2486 quare,
558 2392 590 2460 si
609 2392 732 2488 patria
750 2392 937 2484 discedes,
974 2393 1077 2464 omni
1092 2395 1209 2462 tutela

240 2497 504 2566 destituentur.
557 2496 796 2584 Verumoge,
823 2494 1042 2584 praestolare
1057 2517 1120 2562 mo
1136 2507 1209 2562 tres

239 2595 406 2682 hiemes,
432 2593 485 2661 ita
501 2606 545 2660 ut
558 2615 606 2662 no
625 2590 686 2660 cui
705 2592 844 2664 nubas.v
898 2595 980 2686 Qua
1001 2593 1046 2662 da
1066 2615 1108 2661 re
1124 2613 1209 2660 cum

238 2695 387 2767 nullasu
399 2691 832 2782 fideminterposituram
846 2693 1077 2764 seGudruna
1089 2708 1209 2762 osten·

241 2796 357 2881 deret,
384 2793 436 2862 ita
454 2790 728 2884 digrediuntur,
754 2791 978 2862 diversesibi
995 2793 1206 2862 sentientes.

240 2895 393 2980 Kjartan
403 2893 559 2964 domum
567 2891 880 2978 Hjardarboltum
896 2893 1050 2984 equitat,
1077 2907 1116 2960 et
1134 2891 1210 2963 abi·

238 3009 327 3062 tum.
338 3007 456 3085 parat.
508 2992 646 3062 Olavus
661 2993 759 3064 Pavo
775 2991 846 3065 ltac
860 3007 984 3062 aestate
998 2992 1044 3062 ad
1060 2992 1209 3062 comitia
1235 2987 1242 2996 '

240 3093 438 3185 equitavit,
473 3093 627 3178 Kjartan
650 3106 799 3184 patrem
820 3093 864 3162 ab
889 3093 1081 3161 occidente
1103 3093 1208 3162 Dalis

239 3193 441 3263 comitatus
465 3206 539 3282 est,
558 3192 616 3282 ,in
633 3191 885 3262 Nordrardalo
907 3215 995 3272 vero
1018 3192 1204 3284 digressis,

215 3316 217 3321 ·
236 3295 329 3385 ipse,
353 3317 489 3366 novem
504 3292 590 3362 viris
607 3292 818 3380 comitatus,
841 3291 941 3362 inter
955 3315 1049 3382 quos
1065 3292 1208 3364 Bollius

238 3409 417 3486 cognatus
435 3395 532 3480 ejus,
559 3415 693 3462 navem
708 3392 852 3482 petivit.
903 3392 1208 3486 KallusAsgeiris

237 3489 729 3580 siliusKjartanemcontiter
740 3491 896 3586 excepit.
907 3492 982 3586 Qui
991 3491 1209 3583 comparati

241 3609 376 3680 essent,
401 3615 538 3662 navem
547 3593 707 3680 solvunt,
740 3592 996 3668 otcommodis
1011 3593 1132 3662 ventis
1150 3590 1208 3658 usi

179 3683 182 3690 ¹
241 3693 436 3786 Norvegiae
454 3707 602 3784 partem
616 3692 809 3762 borealem
826 3691 1207 3765 adThrandheimum

240 3805 383 3882 tenant,
407 3791 950 3885 atqueAgdancsumsubeunt.
1003 3792 1076 3862 Hic
1097 3791 1207 3862 resci-

241 3907 363 3982 scunt,
389 3893 795 3983 HakonumSatrepam
811 3891 1022 3981 decessisse,
1051 3894 1208 3961 Olarum

240 3991 1207 4086 veroTryggviifiliumregnoredditum,cuiuniver³

241 4115 302 4162 sus
319 4096 481 4187 populus
497 4115 536 4162 se
547 4092 780 4163 submisisset
793 4115 1000 4187 regemque
1015 4093 1208 4161 eumsalu·
