2502 4774
58 273 157 342 noc.
403 236 668 348 Ξ
806 367 810 372 ἡ
866 271 951 364 115

54 518 122 592 que
133 489 236 564 robis
247 495 517 568 notumfacere
528 498 623 588 volo,
638 519 699 570 me
713 523 847 571 novem
863 499 1015 598 religioss

51 601 350 690 nemsuscepisse,
365 599 844 693 christianumquefactum,
868 608 1014 698 negoti-

53 701 601 792 umetmandetumregisOlavi
609 705 803 793 accepisse,
812 717 856 770 ut
864 707 1013 776 univer-

55 823 129 868 sum
141 803 328 891 populum
340 797 448 868 inhia
458 801 914 874 insulisadrectamfidem
925 829 1016 876 con*-

55 913 197 970 vertam.
222 901 421 976 Thrandus
435 903 593 972 orationi
603 904 683 988 ejus
692 907 907 994 respondet,
924 929 1011 976 con-

54 999 190 1092 venire,-
219 1017 264 1070 ut
279 1001 402 1070 coloni
417 1001 462 1071 de
477 1003 549 1074 hac
566 1003 709 1072 difficili
726 1027 835 1075 causa
852 1007 952 1076 inter
972 1029 1012 1076 se

54 1095 1013 1190 disceptentColonihocbenedictnmessetestaban·

53 1218 115 1270 tur.
132 1203 205 1274 Hic
216 1203 413 1274 Thrandus
421 1225 509 1272 cum
518 1203 593 1272 suis
602 1205 780 1276 aliorsum
788 1206 1013 1303 incampum

51 1303 198 1392 secessit,
207 1302 424 1393 animosque
436 1305 654 1376 colonorum
664 1306 829 1376 oratione
837 1308 1013 1378 sollicita·

53 1404 248 1491 vit,dicens,
264 1404 457 1497 integrum
470 1403 545 1473 illis
556 1426 646 1492 esse,
660 1407 843 1497 imperata
862 1407 935 1476 cito
945 1433 1010 1477 ne·

54 1525 145 1596 gama
185 1504 322 1596 quibus
343 1504 516 1594 alloquiis
539 1503 716 1588 effectum
739 1519 813 1595 est,
860 1523 904 1576 ut
925 1510 1010 1578 uni—

53 1605 137 1672 versi
158 1605 257 1674 inter
276 1627 315 1672 se
338 1605 603 1674 consentirent.
669 1605 918 1698 Sigmundus,
955 1609 1010 1700 vi·

53 1704 150 1793 dens,
179 1705 398 1774 universum
410 1707 602 1794 populum
612 1705 658 1774 ad
673 1706 897 1778 Thrandum
922 1731 1009 1778 con-

51 1810 174 1894 fluere,
207 1805 353 1894 sibique
370 1808 496 1874 nullos
510 1805 689 1896 relinqui,
715 1806 787 1888 nisi
809 1829 917 1896 suos,
943 1808 1010 1900 qui

52 1907 231 1978 christiani
249 1921 371 1996 erant,
396 1907 585 1996 loquitur:
620 1905 780 1976 nimiam
794 1907 926 1998 utique
942 1931 1009 2002 po·

49 2021 210 2076 testate-m
225 2006 404 2080 Thrando
420 2007 593 2076 concessi.
620 2065 623 2072 .
653 2011 746 2078 Mox
760 2006 933 2089 homines
950 2032 1007 2099 eo,

49 2107 106 2174 ubi
127 2107 420 2200 Sigmundus‘ac
442 2106 500 2174 sui
520 2106 778 2195 considebant,
804 2109 1007 2198 confluere,

48 2231 140 2276 anna
156 2201 333 2276 sublimia
344 2218 500 2299 gestare,
515 2206 743 2298 infestosque
752 2223 875 2290 motus
885 2223 1007 2278 osten·

48 2309 135 2376 dere.
187 2307 415 2400 Sigmundus
432 2321 470 2374 et
483 2307 545 2374 sui*
557 2307 851 2376 insurrexerunt.
906 2312 1008 2380 Tum
1103 2329 1105 2335 ’

47 2409 250 2479 Thrandus:
279 2407 494 2480 consideant
508 2406 700 2494 homines,
725 2421 930 2498 sequetem
943 2408 1005 2493 fu-

45 2509 148 2578 riosos
163 2510 438 2597 nepraebeanm
464 2521 505 2586 te
518 2521 663 2596 autem,
691 2507 896 2600 Sigmunde
911 2530 1006 2601 cog-¹

45 2609 138 2681 nate!
163 2609 260 2681 scire
274 2609 380 2696 volo,
418 2630 481 2676 me
497 2601 727 2700 colonosque
743 2609 935 2679 universos
958 2608 1004 2678 de

44 2731 79 2776 re
96 2721 168 2778 ate
184 2709 377 2799 proposita
398 2708 451 2777 ita
468 2708 569 2779 inter
592 2732 659 2778 nos
678 2709 922 2799 consensisse,
960 2723 1006 2778 ut

43 2803 270 2880 nullomodo
293 2831 426 2877 novam
446 2809 671 2900 religionem
697 2823 891 2900 acceptare
913 2809 1004 2884 veli-¹

43 2930 135 2995 musi
171 2924 285 3002 etque
308 2909 394 2978 heic
415 2907 635 2978 in‘comitiis
649 2924 688 2978 te
707 2911 871 3002 aggressi
886 2911 1003 2980 inter·

42 3011 217 3099 finiemus,
250 3009 322 3079 nisi
339 3007 492 3078 absistas
515 3023 553 3076 et
567 3009 675 3078 firma
697 3008 770 3078 fide
793 3009 1001 3100 promittas,

39 3125 73 3178 te
86 3133 277 3200 nunquam
290 3109 464 3199 deinceps
485 3111 561 3178 tale
580 3107 800 3178 mandatum
814 3110 871 3185 his
886 3109 927 3178 in
944 3109 1001 3178 in-

39 3212 119 3280 sulis
139 3225 412 3281 exsecuturum.
474 3209 715 3302 Sigmundus,
752 3231 840 3278 cum
859 3209 1000 3292 intelli-

40 3326 156 3402 geret,
178 3313 277 3381 nihil
298 3309 476 3402 religioni
496 3303 664 3378 henrice
686 3307 835 3407 profici,
861 3311 1001 3378 nullas-

39 3435 104 3500 que
126 3413 282 3482 haberet
305 3411 446 3500 copias,
474 3409 609 3499 quibus
633 3432 722 3478 cum
744 3409 919 3478 universo
934 3432 1000 3500 po·¹

37 3514 120 3600 pulo
150 3510 415 3598 contenderet,
456 3533 498 3580 eo
528 3503 736 3598 descendit,
775 3523 819 3578 ut
841 3511 1002 3600 testibus

37 3613 203 3682 adhibitis
225 3613 384 3701 dataque
403 3610 530 3680 dextra
548 3633 610 3697 ea,
645 3634 728 3702 quae
749 3612 997 3700 postularant,

37 3713 284 3801 promitteretq
313 3733 388 3803 quo
403 3709 502 3788 facto
524 3711 676 3792 comitia
692 3710 885 3778 dirimunt.
919 3711 1000 3802 Sig7
1098 3789 1105 3798 ,

36 3814 187 3882 mundus
220 3814 387 3882 hiemem
411 3807 516 3877 domi
537 3831 612 3878 suae
643 3809 815 3901 Skufeyae
837 3809 997 3903 peregit,

36 3915 187 4004 graviter
208 3912 362 4002 quidem
379 3909 523 3998 ferens,
549 3911 648 4000 quod
658 3909 782 3978 coloni
799 3933 837 3978 se
862 3909 899 3978 vi
916 3933 998 3980 coe*

34 4027 174 4105 gerant,
200 4011 499 4106 indigna-tionem
511 4025 638 4080 tamen
649 4009 897 4080 dissimulans.

716 4114 753 4180 H
779 4118 799 4180 2

622 4313 628 4346 l
