2550 4772
75 289 207 367 asle.
348 364 351 367 ,
450 289 721 355 ’κ
945 274 1004 364 {29

88 489 213 570 armis
224 489 465 594 ferendispar
482 519 569 588 ero;·
589 491 632 572 'id
646 493 799 594 quoque
812 499 903 588 falti
916 501 1067 592 circin-

91 602 257 694 'diguum
278 603 402 698 duco·²
446 603 689 672 innocentem
719 603 858 691 occidi,
897 605 1067 700 animalis

81 721 204 796 'more
219 703 367 772 ratione
382 703 563 793 expertis3
590 704 704 774 satius
722 702 905 788 duxerim,
927 704 1067 796 simihi

92 813 203 869 certo
228 803 468 894 moriendum
492 795 1068 896 intelligerem,‚aliqtripllaudis
1139 887 1145 892 .

93 921 190 992 ergo
216 915 387 993 patrare,
422 904 529 989 c'ujus
556 904 621 972 diu
642 904 825 976 memoria
846 915 1065 996 superesset.

92 998 258 1068 Bollius:
287 1002 378 1092 quid
394 1025 515 1090 nuno,
540 1004 683 1094 iuquit,
714 1002 888 1095 cognate!
926 1001 1066 1096 facien·

93 1101 193 1168 dum
208 1101 361 1170 censes?
385 1095 556 1188 strtan:
590 1103 629 1172 id
643 1102 770 1171 statim
785 1097 857 1170 tibi
873 1103 1068 1199 dissuasi

93 1200 385 1270 rexhancnobis
399 1203 633 1294 religionem,
656 1203 976 1294 quemadmodum
986 1204 1068 1274 aliis

94 1299 329 1389 hominibus,
348 1292 659 1389 obtrudere'vult,
686 1303 767 1371 duee
783 1301 916 1370 adsunt
939 1303 1066 1384 condi·

95 1403 233 1486 tiones,
260 1401 399 1492 oppido
412 1403 572 1493 iniquae:
599 1403 731 1494 altera,
752 1414 795 1470 ut
808 1403 885 1478 laeti
900 1405 1067 1494 postula·

97 1501 151 1566 tis
160 1500 241 1586 ejus
255 1502 526 1591 obsequamur,
560 1523 714 1572 omnem
737 1503 892 1594 cogendi
909 1505 1067 1572 necessi·

98 1613 217 1668 tatem
231 1614 460 1684 avertentes,
487 1604 621 1690 altera,
638 1593 686 1670 ‘si
708 1624 774 1670 rex
797 1597 1067 1698 coercitionem
1140 1617 1145 1631 ³

98 1699 212 1770 nobis
244 1701 385 1769 inferre
410 1714 535 1772 certus
565 1715 636 1790 est,
680 1714 725 1768 ut
743 1724 836 1790 ,epm
863 1703 904 1770 iu
927 1695 1067 1798 sedibus

95 1791 397 1870 concrememus.
455 1802 528 1874 Hic
549 1802 706 1886 Ballius:
739 1800 840 1872 haud
861 1790 1067 1894 isthoc⁴pu·

98 1900 177 1968 silli
201 1900 314 1970 animi
331 1891 478 1987 judic03
509 1925 660 1990 verum,
694 1902 725 1969 si
749 1899 840 1993 quid
861 1901 989 1990 video,
1024 1925 1067 1984 ea

97 1990 252 2068 resnou
269 1999 454 2089 succedet,
473 2021 608 2095 regem
625 1999 727 2070 enim
740 2001 900 2070 secunda
914 2023 1067 2098 magna·

86 2095 178 2189 'que
199 2099 527 2170 usurum-fortuna
549 2081 735 2194 adguror5
770 2101 930 2195 accedit,
951 2103 1068 2202 ,qimd

96 2199 219 2268 firmis
227 2213 344 2268 noctu
355 2201 598 2291 interdiuque
610 2201 794 2290 dispositis
807 2203 986 2297 praesidiis
998 2201 1069 2270 sibi

99 2313 218 2368 ¹cavet.
249 2300 400 2385 Kjartan
415 2301 461 2372 ed
475 2301 572 2368 haec:
597 2301 650 2368 ita
667 2301 815 2369 evenire
830 2303 1003 2394 plurimis
1015 2303 1067 2393 vi·

100 2401 189 2489 deo,
216 2401 318 2490 quod
332 2400 427 2487 desit
444 2400 618 2488 audacia,
646 2401 714 2468 etsi
732 2400 874 2469 strenui
889 2401 958 2468 viri
980 2399 1065 2472 sint.

99 2505 196 2571 Haec
211 2515 314 2568 'vero
337 2502 464 2590 potius
481 2500 597 2568 animi
621 2497 735 2568 vestri
758 2499 927 2570 tentandi
945 2495 1067 2594 gratia

96 2601 194 2687 dixi,
228 2623 341 2690 quam
363 2613 486 2668 utros
508 2600 604 2668 serio
622 2599 800 2693 instigare
815 2600 939 2669 velim.
985 2574 1067 2694 Boi·

100 2701 200 2770 lius:
252 2699 402 2768 difficile
429 2721 538 2788 sane,
576 2700 717 2790 inquit,
762 2713 827 2786 ‚est
857 2697 1069 2798 perspicere

100 2800 183 2869 utri
218 2800 405 2892 ignaviam
440 2821 534 2890 opus
557 2798 661 2868 ¹foret
688 2801 902 2892 exprobare.
936 2801 939 2808 ’
967 2805 1070 2900 Tpm

101 2900 222 2968 multi
245 2901 447 2987 subjicere,
475 2901 577 2970 hunc
594 2921 808 2970 sermonem
833 2901 970 2992 oppido
991 2923 1069 2982 esse

101 3019 391 3090 superuacuum.
440 2999 702 3093 Speculatores
725 3001 778 3072 ,ad
795 2997 937 3094 'regem
964 3001 1070 3100 rede·

102 3114 195 3187 unt,
221 3099 332 3186 eique
348 3121 501 3168 omnem
515 3121 648 3168 eorum
662 3122 877 3170 sermonem
889 3101 1067 3184 referunt.

98 3198 292 3272 Postridie
313 3199 427 3268 mane'
442 3221 571 3282 rumor
592 3199 641 3286 it,
686 3215 913 3268 conventum
938 3194 1069 3294 arege

102 3314 238 3370 actum
258 3298 321 3385 iri,
346 3299 531 3368 advocatis
558 3299 736 3378 omnibus
751 3299 918 3368 Islandis.
974 3301 1071 3394 Con-

98 3397 239 3469 ¹stituto
256 3421 344 3466 vero
367 3414 573 3487 conventu,
598 3421 664 3468 rex
677 3420 832 3493 surgens
846 3399 1069 3498 tremefecit,

95 3495 146 3569 ‘et
161 3497 353 3586 omnibuS,
378 3501 446 3590 qui
466 3497 539 3567 sibi
554 3500 666 3568 amici
678 3521 756 3594 esse
775 3499 917 3570 vellent
930 3518 970 3570 et
984 3503 1071 3572 reli·

103 3600 262 3693 gionem
269 3600 459 3689 amplecti,
471 3619 540 3688 pro
555 3599 716 3667 adventu
723 3601 858 3692 gratias
872 3602 969 3694 egit,
986 3617 1072 3674 tum

99 3700 154 3768 ad
174 3697 343 3766 Islandos
362 3699 530 3766 oratione
550 3721 672 3786 versa,
704 3701 927 3792 interrogat,
959 3726 1007 3770 an
1029 3701 1072 3773 in

103 3821 245 3868 verum
267 3798 383 3866 deum
404 3799 555 3867 credere
577 3799 858 3888 etbaptismum
882 3802 1071 3893 suscipere

102 3899 237 3968 velint.
291 3898 388 3968 Gum
407 3921 495 3968 vero
524 3921 601 3968 non
622 3914 769 3988 promte
792 3901 1074 3991 assentirentur,

104 4023 200 4068 rex:
229 3999 331 4090 quis,
357 3999 495 4090 inquit,
519 4013 686 4082 vestrum
702 3997 936 4068 Islandorirm
953 4002 1076 4090 consi-

99 4101 207 4170 lium
224 4099 312 4170 iniit
328 4101 406 4174 mei
423 4101 465 4169 in
477 4097 620 4168 sedibus
643 4083 921 4189 concremandi
974 4105 1077 4174 Tum
