2502 4774
315 246 375 338 8ll
493 309 499 322 -
608 269 874 330 z
1117 273 1211 344 nec.

251 476 462 553 Thorlakus
489 475 529 544 in
556 473 689 544 insulis
710 470 903 570 (Faereyis)
926 479 1088 546 uxorem
1106 473 1212 566 duxit,

252 595 430 649 ettamen
446 575 549 644 domi
564 578 667 647 Gatae
686 577 787 668 ap'ud
802 589 951 668 patrem
964 597 1003 642 se
1023 575 1209 646 continuit.

251 685 354 754 Tum
373 676 589 762 Thorbjbrn
607 697 746 770 magno
763 689 855 744 natu
873 690 968 763 erat,
997 685 1035 744 et
1053 698 1131 744 non
1139 691 1212 766 post

250 781 373 850 multo
386 777 553 846 decessit.
606 781 638 847 A
657 799 733 868 quo
748 800 837 845 cum
855 775 1054 844 haereditas
1072 775 1156 842 filiis
1167 777 1211 846 di-

249 877 410 948 videnda
434 877 612 966 venisset,
654 886 816 968 uterque
837 871 967 972 villam
993 875 1210 966 primariam,

252 983 407 1066 Getam,
436 998 518 1068 quas
533 975 689 1046 maximi
703 973 784 1047 erat
798 975 930 1068 pretii,
966 973 1137 1044 obtinere
1159 1000 1211 1044 vo·

249 1081 344 1164 luit3
364 1079 527 1147 sortibus
539 1099 627 1146 vero
640 1077 773 1165 ductis,
787 1073 876 1146 villa
890 1072 1069 1166 primaria
1079 1077 1211 1148 Thrau-

251 1183 296 1250 do
314 1175 475 1271 obtigit.¹
526 1177 658 1249 Diriso
683 1191 813 1248 autem
829 1176 1077 1268 patrimonio,
1105 1177 1211 1248 Thor-

250 1281 357 1352 lakus
381 1273 519 1360 oravit,
556 1293 601 1346 ut
620 1273 710 1348 villa
724 1277 907 1370 primaria
920 1275 990 1344 sibi
1004 1274 1210 1345 concedere-

249 1397 333 1468 tur,
362 1378 563 1452 Thrandus
583 1399 669 1446 uero
687 1377 826 1469 praedia
841 1377 1094 1468 superficiaria
1112 1390 1147 1444 et
1163 1402 1210 1446 res

251 1481 429 1566 mobiles,
457 1501 540 1568 quae
556 1473 749 1550 Thorlako
769 1492 869 1547 sorte
887 1474 1135 1566 obvenissent,
1157 1477 1210 1545 ha·

249 1584 376 1668 beret,
409 1601 497 1648 nam
518 1575 581 1646 hic
607 1597 666 1647 res
691 1577 853 1648 mobiles
878 1597 967 1647 cum
991 1574 1209 1648 dote‘uxoris

252 1694 456 1771 acceperat.
533 1679 578 1746 Id
601 1676 726 1748 noluit
746 1675 969 1766 Thrandus,
998 1687 1038 1746 et
1064 1675 1210 1746 fundum

252 1783 357 1852 Gatae
376 1775 635 1870 compluribus
665 1779 863 1872 inquilinis
900 1773 1076 1848 mercede
1112 1797 1210 1870 quarn

250 1881 414 1950 maxima
439 1875 595 1966 locavit3
630 1875 713 1970 ipse
730 1873 968 1968 veroveadem
990 1892 1117 1948 aestate
1138 1901 1209 1948 cum

206 1994 214 2004 ”
250 1979 525 2056 mercatoribus
542 1981 729 2048 orientem
740 1998 867 2048 versus
885 1979 927 2047 in
943 1979 1209 2072 Norvegiam,a

195 2165 200 2175 ι
251 2081 438 2154 mercibus
455 2081 801 2168 parceinstructus‚
828 2080 1070 2170 commeavit,
1096 2079 1209 2168 ibique

250 2183 292 2250 in
307 2179 384 2274 aede
400 2178 568 2248 solitaria
584 2181 754 2249 hiemem
770 2179 972 2272 transegit,
1009 2179 1151 2272 ingenii
1164 2179 1209 2248 ni·
1243 2179 1244 2184 ’

251 2283 375 2350 mium
389 2275 537 2348 obscuri
555 2281 668 2350 visus.
695 2279 884 2371 Sequente
904 2292 1030 2350 aestate
1047 2299 1210 2353 cumvecn

250 2382 396 2450 toribus
415 2381 674 2450 onerariarum
689 2397 861 2450 austrum
875 2399 1002 2450 versus
1020 2382 1210 2472 Haleyram

250 2482 430 2568 tetendit,
467 2497 547 2569 quo
568 2489 740 2572 tempore
759 2481 812 2548 ibi
832 2481 997 2550 maxima
1013 2480 1088 2548 fuit
1100 2479 1209 2550 bomi-

251 2599 346 2652 num
375 2579 571 2648 celebritas
597 2596 859 2670 mercatusque
885 2577 1208 2672 frequentissimus.

252 2683 326 2761 Hic
345 2679 545 2751 Thrandus
562 2676 807 2750 immodicam
820 2681 987 2771 pecuniae
1012 2677 1089 2750 vim
1104 2683 1208 2750 lucra·

132 2851 135 2857 ,
250 2798 311 2849 tus
328 2794 400 2868 est,
432 2781 538 2848 nulla
559 2803 601 2848 re
619 2780 711 2869 alia,
744 2781 817 2850 nisi
829 2781 907 2849 sola
922 2780 1053 2850 fraude
1069 2795 1107 2850 et
1122 2779 1208 2848 calli-
1241 2773 1242 2818 ἕ

251 2881 378 2950 ditate⁴
444 2878 536 2948 Inde
561 2880 602 2948 in
624 2879 851 2974 Norvegiam
875 2880 1019 2950 delatus
1045 2903 1208 2974 magnam

251 2983 467 3070 bonamque
486 3000 621 3049 navem
636 2981 848 3050 onerariam
868 2980 979 3070 emit,
1008 2981 1071 3050 cui
1090 2981 1207 3074 ingen·

250 3096 308 3150 tes
333 3081 417 3148 illas
442 3081 639 3170 pecuniae,
673 3081 745 3150 hac
766 3095 890 3150 aestate
913 3097 1079 3170 paratas,
1102 3081 1207 3170 impo·
1240 3115 1241 3184 ἑ

251 3181 345 3269 snit,
384 3199 613 3272 cursumque
638 3177 679 3250 iu
700 3183 867 3274 Faereyas
892 3183 1036 3270 tenuit,
1064 3197 1102 3250 et
1118 3183 1206 3252 Gatae

250 3277 522 3352 villicationem
537 3275 711 3350 instituit.
765 3280 965 3354 Thrandus
982 3297 1125 3351 statura
1144 3293 1208 3348 erat

252 3379 425 3474 grandia,
462 3403 569 3448 coma
586 3377 774 3472 barbaque
787 3380 931 3468 rubris,
958 3382 1055 3450 facie
1074 3379 1207 3473 lentigi·
1239 3447 1240 3450 ,

251 3503 363 3567 nosa,
399 3481 507 3548 vultu
526 3479 644 3568 virili,
670 3479 788 3552 homo
805 3484 997 3570 occultus,
1016 3482 1166 3552 callidus
1179 3492 1208 3546 et

252 3579 298 3650 ad
316 3602 446 3648 omnes
461 3577 609 3652 fraudes
628 3593 780 3665 acutus3
806 3581 847 3652 in
861 3583 1049 3672 populum
1064 3583 1165 3651 ferox
1178 3591 1207 3646 et

251 3682 457 3771 superbus,
494 3699 581 3747 cum
603 3681 878 3772 potentioribus
893 3683 1030 3752 blande
1047 3683 1206 3774 loqueba·

251 3793 332 3869 tur,
360 3778 515 3848 subdole
530 3779 729 3873 cogitabat.

354 3877 441 3970 Cap.
456 3883 525 3952 179.
580 3879 800 3974 Hufgrirnus
815 3900 954 3952 nornen
962 3893 1043 3952 erat
1050 3879 1140 3973 viro,
1154 3879 1206 3972 qui

250 3977 391 4048 ibidem
406 3977 566 4071 Fareyis
582 3976 757 4074 Sudreyae
772 3978 902 4052 villam
917 3983 1061 4054 Hofum
1080 3981 1206 4054 inhabi-

250 4079 360 4166 tavit5
394 4079 425 4148 is
452 4076 610 4150 deorum
628 4079 750 4151 cultor
778 4080 1126 4154 observantissimus
1147 4081 1206 4150 suit
