2502 4774
66 283 159 370 oro
405 285 678 360 ’ῡ-..Ξ--ε
872 269 964 369 117

63 505 157 599 'prius
178 525 298 595 pauca
318 504 426 595 loqui
447 508 549 592 volo,
584 509 652 576 ub'i
673 493 761 576 vvero
781 497 1021 601 Siginundus,

63 605 231 700 'cognatus
246 605 376 673 meus?
394 607 547 694 Adsum,
574 607 697 699 inquit
709 611 785 678 ille.
838 614 899 680 Tu
911 612 1024 700 solus,

65 706 229 800 cognate!
256 707 355 774 inter
368 729 435 775 nos
445 707 602 796 decidas,
629 729 776 802 egoque
789 709 1024 800 religionem,

63 829 167 900 qnam
191 807 262 895 vis,
292 809 502 898 acceptabo.
561 813 665 881 Tum
692 811 839 883 Thorer
861 811 1025 878 Beineris
1061 797 1064 803 ¹

63 909 173 980 filius:
206 921 251 975 tu
268 927 377 997 eum,
410 909 546 977 homo!
573 919 741 1001 percute.
794 909 1023 1003 Sigmundus

63 1007 218 1098 reponit:
244 1030 323 1076 non
336 1006 406 1077 hac
420 1009 753 1102 vicapercutietur.
793 1011 836 1082 Id
851 1010 922 1086 tibi
932 1009 1024 1086 arni-

62 1111 179 1200 'oisque
194 1107 270 1176 tuis
286 1107 361 1176 vita
377 1109 505 1198 stabit,
533 1111 586 1183 ait
601 1113 770 1205 Thorer,
795 1111 1025 1185 sinenosal-

63 1208 270 1279 vus-evadit.
331 1211 558 1301 Sigmundus
577 1235 615 1282 se
636 1213 715 1299 ejus
732 1215 789 1287 rei
806 1210 1023 1302 periculum

62 1311 241 1380 iacturum
260 1311 431 1381 ostendit.
485 1313 586 1385 Tum
599 1313 800 1390 Thrandus
814 1311 1023 1387 domestici-

64 1435 128 1502 que
147 1410 206 1479 sui
233 1435 255 1479 a
279 1412 496 1502 presbytero
521 1411 708 1503 baptizati.
784 1410 1023 1508 Sigmundus,
1071 1482 1080 1494 ‚

62 1511 226 1598 adjuncto
244 1511 316 1580 sibi
334 1512 510 1584 Thrando
526 1511 681 1603 comite,
710 1535 838 1589 ornnes
855 1513 1024 1604 Faere'yas

60 1611 277 1704 peragravit,
304 1635 383 1682 non
394 1612 499 1705 ptiu's
516 1613 719 1703 desistens,
743 1635 859 1709 quam
874 1611 1023 1682 univer-

61 1737 111 1783 sos
143 1712 284 1781 incolas
326 1712 372 1781 ad
406 1713 726 1789 christianismum
764 1711 1019 1784 convertisset.

60 1812 197 1886 Deinde
214 1811 348 1884 eadem
367 1826 493 1886 aestate
506 1837 640 1889 navem
652 1827 770 1906 parat,
798 1811 1025 1904 Norvegiarn

60 1914 257 2005 petiturae,
288 1915 445 2007 regique
469 1915 612 1990 tributa
632 1916 862 2006 insuperque
878 1913 1023 1986 Thran·

61 2017 141 2083 dum
157 2014 202 2082 de
222 2015 319 2086 Gata
333 2015 556 2086 redditurus.
583 2017 782 2092 Thrandus
796 2038 895 2103 vero,
907 2016 1023 2081 anim·

60 2117 243 2202 advertens
259 2114 561 2208 Sigmundumse
580 2115 660 2207 regi
680 2117 919 2202 traditurum,
938 2135 1023 2203 pro·
1102 2197 1109 2213 .

58 2213 251 2286 lectionem
269 2218 479 2306 excusavit,
506 2216 734 2308 Sigmundus
747 2239 833 2284 vero
847 2216 887 2283 in
897 2215 1024 2304 incep-

58 2333 90 2385 to
107 2317 287 2407 perstitit5
312 2339 493 2406 moxque,
531 2329 642 2384 vento
663 2317 825 2389 secundo
846 2317 1023 2406 spirante,

58 2417 254 2486 retinacula
278 2417 311 2510 ¹)
336 2418 506 2502 solvunt,
533 2438 621 2491 cum
633 2437 723 2486 vero
738 2417 841 2486 haud
853 2417 970 2508 longe
984 2415 1024 2481 in

58 2521 168 2588 altum
189 2517 359 2608 provecti
387 2530 524 2605 essent,
568 2517 609 2586 in
629 2529 737 2590 aestus
757 2517 963 2586 maritimos
987 2527 1026 2580 et

58 2631 290 2710 tempestates
313 2617 541 2708 incidentes,
574 2617 620 2690 ad
647 2621 816 2711 Faereyas
832 2619 1024 2708 repellun-

58 2733 122 2808 tur,
140 2719 208 2788 ubi
223 2719 477 2812 navepenitus
498 2718 705 2806 confracta,
716 2741 775 2789 res
789 2735 918 2788 omnes
934 2715 1025 2784 ami-

57 2834 194 2906 serunt3
218 2835 419 2892 nautarum
432 2819 604 2911 plerique
618 2820 761 2890 servati.
796 2816 1025 2911 Sigmundus

58 2921 269 2992 Thrandum
282 2923 497 3010 multosque
507 2920 774 2994 aliosservavit.
824 2917 1024 2992 Thrandus

58 3023 252 3115 significat,
276 3021 379 3092 hand
392 3019 494 3090 facili
515 3019 550 3116 ²)
570 3019 807 3112 navigatione
820 3039 974 3106 usuros,
994 3015 1025 3084 si

58 3143 88 3189 se
110 3124 271 3194 invitum
295 3121 340 3194 ad
366 3119 683 3214 proficiscendum
701 3135 890 3212 cogerent.
946 3117 1024 3209 Sig-

56 3226 220 3310 mnndus,
246 3247 335 3294 eum
348 3223 467 3294 nihilo
480 3220 600 3292 secius
618 3219 775 3308 iturum,
804 3222 873 3290 etsi
887 3219 1027 3286 moles

56 3335 128 3392 tum
148 3327 221 3418 ipsi
244 3325 453 3413 videretur,
489 3321 661 3394 ostendit.
731 3321 863 3390 Sumta
889 3317 1023 3388 deinde

56 3424 117 3492 alia
130 3449 243 3516 nave,
266 3423 522 3518 propriisque,
550 3422 683 3513 quibus
702 3421 934 3509 abundabat,
959 3429 1024 3510 pe'-

57 3527 177 3616 cuniiS,
204 3549 295 3618 quas
307 3549 375 3617 pro
392 3523 536 3594 tributo
552 3523 634 3616 regi
644 3519 828 3613 redderet,
846 3524 1024 3614 Sigmun-

56 3621 113 3693 dus
131 3650 219 3697 cum
241 3628 315 3698 suis
339 3628 457 3696 altera
479 3625 559 3694 vice
584 3625 625 3693 in
647 3624 767 3690 altum
779 3623 1021 3714 provehitur3

55 3745 145 3794 nuno
162 3751 240 3796 non
257 3726 434 3816 ulterius,
462 3747 575 3815 quam
592 3737 719 3811 antea,
746 3726 1021 3813 pervenientes,

55 3827 287 3898 vehementes
304 3826 472 3898 adversas
487 3837 726 3915 tempestates
740 3827 1022 3910 nanciscuntur,

56 3922 168 4024 denuo
186 3929 234 3999 ad
248 3934 276 4002 F
279 3951 417 4022 aereyas
429 3927 671 4016 rejiciuntur,
698 3948 910 4018 navemque
926 3924 1022 3993 obli-

57 4075 313 4095 Ἢ

59 4127 189 4208 ¹)ta110ria
202 4150 354 4221 (refiguntil
369 4149 399 4203 F.
441 4150 471 4217 ²)
486 4149 579 4218 celeri,
600 4151 631 4202 B.
