2502 4774
7 313 61 380 134
72 309 112 375 o:
358 315 634 376 =·
848 302 935 388 oo·

7 525 105 596 haud·
116 521 229 595 facile
247 523 400 592 cursum
420 521 584 591 tenueris
602 524 647 592 ob
666 537 907 616 tempestates
932 542 983 596 et·

9 643 111 695 aestus
131 623 312 711 marinos,
346 623 412 714 qui
435 645 603 714 persaepe
621 624 672 691 ibi
691 627 764 694 loci
780 629 984 717 tamrapi-n

8 727 38 794 di
62 739 167 814 sunt,
208 736 253 791 ut
280 745 392 791 naves
411 723 651 792 ¹mercatoriae
676 725 737 792 vix
766 727 968 796 consistere

8 841 158 915 queant,
187 845 269 893 eam
286 846 374 892 vero
391 823 555 892 maxime
565 823 750 892 rationem
762 825 970 896 ineundam
991 843 995 856 '

8 927 112 1014 duco,
140 937 184 992 ut
202 923 247 992 ad
259 922 534 1012 profectionem
553 924 642 994 duas
657 947 768 994 naves
785 941 969 1004 mercato·

7 1026 70 1093 rias
88 1023 282 1093 faciendas
303 1046 456 1110 curem,
482 1037 525 1091 tu
540 1047 627 1092 vero
645 1023 744 1114 ipse,
773 1047 865 1116 quos
877 1041 984 1095 stre-v

6 1123 200 1194 nuissimos
222 1123 378 1214 poteris,
416 1123 513 1191 viros
529 1124 666 1216 allegas
687 1134 697 1170 ¹
704 1125 749 1215 ).’
795 1127 969 1220 Sigmun-

8 1213 66 1293 dus’
97 1225 133 1292 ei
154 1245 224 1316 pro
245 1223 406 1291 consiliis
433 1237 471 1291 et
492 1223 809 1314 bonis-promissis
830 1225 968 1320 gratias

6 1326 197 1414 persolvit,
233 1323 304 1390 hoo
325 1323 549 1392 factumest
579 1324 706 1394 adulta
729 1326 805 1412 jam
827 1327 982 1396 hieme.-

7 1428 153 1516 Satrapa
166 1423 293 1511 jussit,
317 1436 360 1490 ut
377 1423 604 1492 constructio
623 1425 776 1497 navium
788 1427 891 1496 illico
910 1413 981 1496 inss-

7 1527 209 1593 choaretur.
264 1528 359 1593 Vere
376 1522 623 1612 procedente,
650 1523 877 1616 Sigmundus
895 1527 968 1596 iter

6 1646 131 1714 parare
160 1623 323 1713 incepit,
362 1622 461 1690 viros
486 1623 709 1716 singulaque
737 1639 981 1694 armamenta

6 1749 110 1813 quarn
122 1723 336 1792 firmissima
350 1723 589 1812 comparavit,
598 1723 878 1816 quinquagenos
892 1723 977 1794 for-1

6 1839 54 1891 tes
63 1825 162 1892 viros
178 1823 314 1914 cuique
331 1822 415 1890 navi
425 1823 656 1892 mercatoriae
667 1823 885 1915 designans⁸¹
904 1825 967 1894 Sa·
1062 1857 1065 1865 ·

6 1939 128 2015 trapa,
163 1947 253 1992 cum
269 1943 380 1990 naves
404 1922 445 1990 in
464 1942 568 1992 mare
590 1921 865 1993 deducerentur
882 1945 968 2015 pro·

5 2025 186 2116 lectioque
207 2021 359 2092 omnino
375 2036 503 2114 parata
521 2035 635 2110 esset,
661 2022 897 2114 inspecturus
908 2025 983 2094 ad-'

6 2125 88 2210 luit,
114 2123 298 2192 tumille:
324 2123 622 2210 nuncmihitua,
649 2123 967 2214 Sigmundelpro-

7 2225 132 2312 lectio,
159 2247 274 2314 quarn
293 2223 434 2310 optime
451 2222 533 2290 fieri
547 2221 653 2309 licet,
688 2223 873 2292 instructa
888 2247 967 2294 esse

7 2326 168 2408 videtur,
203 2323 268 2390 sed
292 2321 354 2389 hic
376 2345 463 2390 curn
484 2322 563 2390 viro
587 2321 677 2389 adeo
693 2322 844 2390 robusto
865 2321 966 2392 funis

8 2423 307 2514 reciprocandus,
348 2421 466 2512 qualis
493 2435 549 2489 est
569 2421 766 2492 Thrandus
788 2421 833 2490 de
859 2424 965 2512 Geta,

8 2539 42 2591 ut
63 2525 136 2592 hoc
161 2545 283 2590 unum
303 2521 366 2588 vix
394 2521 641 2593 suffecturum
665 2535 834 2611 putem5'
864 2545 975 2592 nuno

8 2625 91 2691 scire
104 2646 207 2709 ave0,
235 2621 457 2713 Sigmunde!
484 2643 596 2711 quarn
612 2636 654 2689 tu
669 2620 892 2712 religionem
903 2624 966 2691 ob-

8 2747 129 2792 serves.
184 2721 412 2816 Sigmundus
428 2723 540 2810 paulo
551 2721 692 2788 tardius
709 2721 874 2810 reponit:
889 2745 976 2793 non*

7 2825 86 2891 adeo
110 2821 356 2891 memorabile
383 2835 455 2910 est,
481 2817 652 2888 domine!
678 2820 823 2910 inquit,
861 2824 967 2892 nulla

9 2925 99 2991 enim
117 2922 189 2990 alia
201 2921 296 2987 mihi
313 2920 447 3013 religio
466 2935 531 3008 est,
559 2943 675 3009 quam
692 2920 792 3011 quod
804 2917 965 2990 fortunae

6 3046 88 3090 meae
106 3035 144 3089 et
155 3020 377 3088 uictricibus
396 3021 506 3088 armis
523 3018 684 3108 confido,
710 3019 750 3087 id
760 3019 965 3110 quodbene

7 3121 291 3207 mihisuccessit,
319 3120 410 3188 dum
422 3119 579 3189 inbellis
591 3131 761 3188 ¹versatus
780 3141 874 3186 sum.
903 3120 964 3188 Sa-

5 3235 100 3312 trapa
122 3221 243 3289 fatur:
277 3243 354 3288 non
375 3218 426 3287 ita
444 3241 522 3288 esse
532 3219 643 3303 licet,
677 3218 764 3286 inde
781 3217 965 3290 auxilium

5 3335 97 3409 petas
114 3327 281 3411 oportet,
314 3319 380 3388 ubi
398 3341 549 3388 omnem
566 3317 742 3388 fiduciam
761 3317 972 3407 repositam·

4 3419 136 3510 habeo,
174 3439 312 3508 nempe
339 3419 383 3487 ab
406 3418 626 3511 Thorgerda
662 3417 962 3510 Helgabruda2),

6 3543 107 3609 quam
126 3533 353 3588 conventum
377 3519 562 3588 adeamus.
616 3523 717 3588 Turn
733 3517 866 3586 fanum
880 3516 972 3585 ade--

6 3634 81 3704 unt,
110 3636 257 3709 satrapa
267 3631 352 3686 ante
369 3617 612 3688 simulacrum
624 3619 702 3703 ejus
716 3631 795 3686 toto
808 3640 964 3706 corpore
980 3633 983 3636 ·

5 3717 100 3788 humi
118 3740 159 3788 se
174 3718 393 3810 prostravit,
420 3717 548 3809 ibique
567 3717 631 3786 diu
647 3717 785 3804 jacuit,
813 3715 968 3784 simula-·

7 3889 26 3958 ¹)
36 3912 65 3944 ex
78 3895 308 3949 contubernalibus
323 3896 389 3958 tuis,
418 3911 528 3962 quorum
545 3895 573 3942 in
594 3879 732 3962 pugpando
747 3869 919 3942 strennuum
940 3903 964 3941 et

34 3989 68 4035 rei
82 3989 196 4038 nauticae
207 3986 327 4056 peritiam
336 3986 408 4052 prius
423 3993 557 4052 spectatam
572 3981 675 4047 habeas,
686 3979 746 4032 add·
756 3981 786 4032 B.
802 3979 833 4034 C.
868 3979 895 4047 ¹)
911 3983 931 4030 i.
939 3997 962 4032 e.

35 4077 122 4156 Holgii
135 4079 203 4146 regis
215 4073 285 4162 filia,
304 4073 366 4126 vida
380 4071 448 4139 erl·
463 4087 520 4140 cap.
534 4067 578 4124 89.
592 4067 667 4164 1¹14...
677 4143 724 4214 G
749 4149 770 4213 2
