2508 4766
282 272 369 366 174
561 283 831 326 ·············
1071 289 1175 358 soc.

218 511 298 595 dis,
316 496 683 589 mea-erteellectus',
709 495 869 593 gliscere
884 497 1018 594 coepit3
1052 503 1117 597 ego
1134 506 1176 575 in

218 607 379 680 scabello
411 601 606 671 considens
635 599 771 691 pedem
791 600 923 690 fricui,
964 603 1177 674 donec'tam

217 733 283 780 rex
301 727 413 795 quam
427 703 623 793 episcopus
639 722 769 768 somno
788 715 910 770 essent
924 703 1073 786 obruti,
1096 719 1178 772 tum

217 833 279 880 me
297 827 409 894 super
426 823 557 895 regem
572 801 796 888 extendens,
827 801 939 868 illum
954 825 1038 872 meu
1053 803 1179 872 nociva

216 917 402 1002 potestate
425 902 582 995 perdere
601 923 808 990 necemque
829 900 969 970 inferre
1000 904 1178 995 cogitari3

219 1010 283 1078 sed
303 1027 384 1092 rex,
415 1017 571 1093 repente
586 1000 885 1094 expergefactus,
911 1003 1052 1072 librum
1068 1027 1179 1094 quen·

220 1109 305 1178 darn
324 1117 428 1174 tanta
443 1104 480 1172 vi
498 1101 539 1171 in
556 1115 669 1192 caput
686 1125 814 1170 meum
832 1099 1009 1192 incussit,
1034 1116 1077 1170 ut
1101 1127 1179 1171 cra-

217 1208 326 1280 nium
354 1203 557 1273 admodum
573 1201 833 1289 collideretur,
867 1223 940 1292 qua
961 1202 1179 1272 contusione

147 1359 152 1364 -
218 1310 272 1378 ita
293 1305 424 1376 affecta
443 1301 591 1395 omugi,
623 1315 668 1369 ut
686 1301 819 1370 exinde
837 1301 986 1392 Semper
1001 1317 1110 1394 caput
1122 1302 1180 1371 in-

219 1409 317 1478 cline
338 1421 497 1497 gestem,
522 1425 718 1494 nunquam
736 1402 1043 1471 dolorevacuum.
1095 1401 1180 1496 Qui-

218 1511 287 1578 bus
301 1507 412 1574 rebus
427 1504 514 1572 visis
529 1517 566 1570 et
580 1502 733 1589 auditis,
759 1501 856 1595 regii
866 1501 1006 1572 milites
1023 1515 1181 1571 revorte-

218 1621 309 1678 runt
334 1619 372 1673 et
393 1625 504 1674 naves
521 1601 704 1672 submisso
723 1601 860 1694 gradu,
887 1625 935 1671 ne
957 1604 1039 1694 quis
1057 1623 1180 1692 exper-

219 1708 390 1803 gefieret,
417 1704 642 1796 petiverunt.
695 1701 874 1792 Sequenti
885 1724 973 1771 rero
984 1701 1094 1772 mane
1103 1702 1181 1794 regi

220 1808 429 1896 ceterisque
459 1803 631 1872 omnibus
668 1825 751 1871 rem
776 1823 929 1870 omnem
959 1803 1179 1872 indicarunt.

219 1913 299 1980 Rex
315 1908 464 1975 locutus
479 1917 550 1971 est:
576 1901 817 1990 haecomnia,
844 1924 929 1993 quae
945 1901 1080 1992 dicitis,
1099 1924 1182 1970 vera
1245 1885 1246 1968 Ῑ

220 2021 325 2090 sunt3
352 2017 390 2074 et
403 2004 509 2097 signo
527 2015 593 2090 est,
619 2002 731 2093 quod,
757 2001 935 2072 defricato
951 2025 1077 2092 crure,¹
1093 2003 1182 2094 epis-

222 2125 358 2197 copum
382 2125 513 2172 somno
529 2101 711 2189 excitavi,
743 2123 880 2194 rogans
902 2117 946 2171 ut
971 2103 1180 2193 inspiceret,

221 2231 269 2278 an
284 2229 350 2297 pes
365 2205 503 2274 illaesus
521 2216 617 2271 esset
626 2203 786 2271 adventu
802 2201 982 2272 daemonis
996 2203 1100 2290 einr,
1120 2203 1182 2294 qui

219 2321 297 2376 tam
313 2319 439 2396 aperta
457 2317 633 2371 ettamen
649 2302 806 2371 humani
822 2302 986 2393 corporis
1003 2303 1182 2371 adsci'titia

220 2408 345 2498 specie
371 2405 545 2474 cubicula
567 2418 693 2472 nostra
714 2402 926 2471 intraverat.
981 2403 1078 2472 Cum
1098 2425 1181 2470 vero

222 2507 416 2599 episcopus
441 2503 619 2573 accedens
644 2502 830 2594 inspexit,
878 2502 990 2572 livida
1025 2505 1181 2590 macula,

220 2629 364 2676 veneno
381 2606 526 2690 inflata,
562 2617 710 2692 reperta
736 2615 811 2686 θεῖς
852 2625 964 2694 quem
988 2603 1181 2694 episcopus

222 2730 308 2777 cum
323 2726 433 2786 carne
444 2715 482 2770 'et
494 2703 669 2794 sangvine
683 2703 847 2788 exsecari
861 2701 970 2792 fecit,
998 2704 1183 2794 quodvul-

220 2817 429 2895 nuspostea
444 2815 614 2872 sanatum
623 2803 836 2872 cicatricem
850 2803 1016 2893 reliquit,
1028 2804 1069 2872 in
1078 2803 1182 2894 pede,

220 2905 501 2999 quoad-vixero,
528 2901 839 2993 conspiciendam.
900 2905 1040 2972 Omnes
1060 2916 1182 2972 tamen
1244 2977 1245 2992 χ

220 3028 324 3077 meos
341 3006 481 3075 milites
496 3004 695 3094 prohibeo,
720 3003 875 3074 naribus
890 3002 1088 3072 interram
1098 3023 1181 3072 noc·
1244 3009 1245 3088 Τ

221 3085 265 3176 'tu
289 3105 435 3199 egredi,
468 3107 546 3174 sola
563 3104 635 3172 hac
656 3103 890 3192 curiositate,
918 3101 1008 3174 citra
1032 3123 1182 3172 omnem

220 3208 502 3295 necessitatem,
530 3204 668 3274 ductos.
688 3207 691 3212 ’
719 3204 891 3274 Posthaec
910 3225 976 3272 rex
995 3205 1131 3273 Olavus
1150 3216 1183 3270 et

222 3308 418 3400 episcopus
433 3329 519 3376 cum
535 3304 747 3374 lectissimis
763 3303 879 3396 copiis
897 3325 1028 3373 onmes
1042 3302 1181 3372 vicinos

221 3421 362 3476 tractus
373 3431 459 3476 curn
469 3406 641 3475 crucibus
659 3420 696 3474 et
710 3403 999 3497 sacrisreliquiis
1014 3403 1181 3485 obibaut3

220 3504 319 3600 equa
336 3504 549 3576 consecrati
566 3527 652 3574 saxa
667 3525 873 3597 rupesque,
899 3505 1014 3574 valles
1032 3515 1070 3593 et
1083 3503 1183 3571 colli·

220 3609 327 3678 culos
344 3621 578 3698 sparserunt,
606 3619 644 3674 et
658 3609 769 3675 sacris
784 3605 958 3696 precibus
980 3616 1019 3674 et
1040 3601 1099 3672 dei
1121 3626 1183 3670 au·

221 3709 333 3797 xilio,
353 3717 573 3800 quecunque
586 3707 763 3796 iverunt,¹
782 3703 915 3774 omnia*
930 3705 1012 3774 loca
1034 3727 1055 3772 a
1076 3702 1182 3771 malis

220 3809 341 3903 geniis
356 3823 403 3877 et
416 3809 575 3898 impuris
590 3807 782 3898 spiritibus
797 3819 1027 3899 purgarunt,
1060 3817 1098 3872 et
1111 3803 1184 3871 hoc

219 3922 329 4002 pacto
338 3933 467 3978 omnes
476 3909 616 3978 incolas
629 3911 673 3977 ab
685 3907 927 3977 inimicorum
938 3903 1181 3998 (demonum)

218 4010 401 4106 servitute
426 4013 455 4080 it
482 4009 722 4100 oppressione
753 4008 970 4078 liberarunt.
1039 4001 1181 4098 Quibus
1243 4027 1244 4038 ¹

222 4111 335 4204 gestis
356 4133 467 4181 naves
490 4109 700 4202 petierunt,
729 4123 766 4180 et
785 4109 858 4178 iter
869 4112 1040 4178 ,austrum
1055 4123 1181 4188 versus
