2502 4774
93 249 212 338 2000.
458 291 723 352 ze.
919 245 1005 364 133

309 489 385 586 [De
415 460 633 564 Tborvalrlo
662 495 859 596 Tumida]

16 755 17 758 Ἴ
200 660 370 753 Cap.200.
422 664 642 734 Haceadem
656 678 792 754 testate,
814 667 1063 758 dequamodo

92 774 227 832 actum
243 777 318 852 est,
343 785 389 831 ex
406 764 567 836 lelandia
583 765 623 836 in
645 765 869 858 Norregiam
885 769 1065 840 Thorval·

15 869 17 874 '
91 860 169 930 dus
184 864 363 935 Tasaldus
376 865 558 954 pervenit,
581 867 795 961 Vigeglumi
806 891 851 936 ex
866 883 1064 940 sororene·

89 981 188 1053 pos,
220 963 278 1032 vir
295 979 450 1055 aspectu
471 967 648 1056 pulcher,
683 981 824 1037 statura
850 969 998 1061 grandis
1026 985 1064 1040 et

88 1065 294 1152 robustus,
328 1077 443 1156 atque
458 1067 776 1162 pecuniaelargus.
829 1069 1063 1144 Thorvaldus

94 1187 145 1231 ex
161 1166 237 1233 alto
254 1165 301 1232 ad
325 1166 652 1240 Threndbeimu'm
670 1169 834 1256 deletus,
859 1191 991 1242 navem
1016 1169 1063 1241 ad

91 1264 332 1338 Nidarosiam
353 1267 558 1338 constituit.
608 1273 712 1342 Tum
730 1293 797 1338 rex
815 1271 970 1360 Olavus,
997 1269 1062 1360 qui

91 1391 218 1460 nuper
238 1369 283 1440 ab
305 1369 527 1438 australibus
546 1370 653 1462 regni
669 1370 835 1460 partibus
851 1371 1060 1460 advenerat,

90 1471 135 1540 in
152 1470 290 1561 oppido
306 1469 452 1554 aderat,
479 1469 544 1559 qui
562 1470 700 1538 certior
716 1471 852 1558 factus,
878 1485 1060 1540 mercato-

90 1594 152 1640 res
170 1571 341 1640 ethnicos
357 1571 402 1638 ab
418 1567 578 1639 Islandia
587 1570 790 1658 advenisse,
804 1571 1061 1642 Thorvaldum

88 1671 141 1740 ed
166 1695 207 1740 se
223 1683 398 1740 vocatum
410 1669 593 1762 baptismo
606 1670 749 1740 initiari
767 1671 885 1758 jussit.
940 1671 1059 1748 Thor-

87 1771 223 1840 valdus
245 1771 362 1840 fassus
382 1784 455 1858 est,
489 1793 529 1838 se
550 1771 657 1862 regio
680 1770 798 1840 favori
813 1771 1058 1859 tributurum,

86 1885 135 1940 ut
155 1872 385 1962 baptismum
405 1871 547 1940 subiret
570 1870 869 1964 religionemque
891 1871 1059 1940 christia·

86 1995 180 2042 nam
194 1973 497 2086 amplecteretur.
531 1974 612 2043 Rex
628 1995 717 2042 eum
728 1972 843 2040 hoc
817 1971 1060 2042 sinceriorem

87 2071 299 2141 amicitiam
314 2093 421 2140 suam
439 2079 686 2162 experturum
703 2072 884 2160 ostendit,
911 2094 985 2162 quo
1007 2070 1059 2140 fa·

85 2173 203 2240 cilius
224 2172 332 2242 dictis
348 2172 423 2241 suis
438 2173 638 2241 obsecutus
653 2186 760 2241 esset.
820 2177 922 2244 Tum
936 2171 1058 2244 Thor-

85 2273 221 2342 valdus
246 2274 454 2364 navitaeque
480 2273 538 2340 sui
564 2272 751 2362 baptizati
824 2271 1059 2343 Thorvaldus

82 2373 258 2442 hiemem
275 2373 373 2464 apud
389 2391 519 2466 regem
528 2372 693 2464 peregit,
717 2369 1058 2442 handlevihonore

83 2473 251 2542 habitus
305 2474 485 2567 Sigurdus
503 2473 623 2544 dictus
640 2487 697 2541 eat
715 2473 857 2542 aulicus
874 2470 990 2562 regis,
1005 2472 1057 2538 al-

83 2585 149 2641 ter
163 2574 337 2667 Helgius,
365 2576 476 2643 ambo
497 2574 718 2642 strenuitate
736 2571 949 2661 conspicui,
976 2570 1058 2662 regi

84 2674 179 2762 ceri,
204 2674 357 2768 ingenio
370 2695 458 2744 vero
466 2674 671 2744 admodum
687 2673 901 2758 dissimiles„
930 2669 1057 2763 Sigur·

85 2774 159 2842 dus
176 2774 330 2867 ingenio
348 2789 429 2843 erat
444 2775 630 2865 populari,
657 2773 818 2866 Helgiue
834 2793 922 2842 vero
930 2771 1056 2842 indole

82 2873 314 2944 intractabili
332 2890 370 2944 et
383 2876 547 2944 subdola.
601 2873 813 2947 Thorvaldo
830 2871 1057 2944 Tasaldoin·

82 2987 147 3044 ter
155 2975 223 3043 hos
240 2995 308 3064 per
316 2975 483 3046 hiemem
499 2976 602 3044 sedes
620 2974 814 3067 designata
828 2972 912 3042 fuit.
964 2973 1056 3042 Hel-

85 3075 173 3167 gius
191 3075 405 3147 Thorveldo
421 3076 629 3164 invidebat,
658 3089 696 3144 et
708 3075 750 3142 in
765 3072 941 3142 omnibus
956 3069 1055 3140 eiiu-

83 3174 225 3244 vidiam
239 3175 455 3264 concitavit,
482 3176 662 3269 sigurdus
674 3196 762 3242 vero
779 3171 815 3240 ei
829 3171 1055 3264 benevolum

84 3295 127 3342 se
142 3277 327 3366 praebuit3
352 3298 469 3366 quare
483 3275 642 3368 Helgius
667 3297 713 3342 ex
729 3297 772 3341 ea
788 3270 931 3340 scamni
947 3282 1054 3358 parte

84 3376 275 3469 profugit,
318 3399 440 3466 neque
462 3377 562 3467 apud
584 3374 839 3450 Thorvaldum
862 3369 1056 3440 considere
1076 3457 1077 3461 Ἰ

83 3497 133 3542 vo
135 3475 226 3560 luit,
252 3477 338 3546 inde
354 3477 611 3548 Thorvaldum
624 3473 877 3546 cummaxime
890 3470 989 3562 apud
997 3493 1055 3538 re

85 3585 174 3668 gem
192 3577 413 3646 calumniari
432 3579 563 3668 coepit,
597 3577 639 3646 in
655 3599 744 3644 eum
746 3576 896 3686 finem,
932 3569 1055 3662 quoad

83 3697 153 3744 rex
171 3699 207 3744 er
194 3677 439 3746 silentium
429 3677 707 3768 rmperavisset,
745 3673 937 3772 inquiens:
977 3681 1054 3740 no'n

85 3797 180 3866 opus
198 3790 270 3866 est,
296 3792 340 3846 ut
349 3778 607 3850 Thorvaldum
627 3777 767 3846 aliosve
779 3773 966 3862 homines,
987 3769 1054 3862 qui
1160 3825 1164 3835 t
1238 3765 1239 3779 ¹

84 3899 238 3948 mecum
254 3889 353 3962 eunt,
367 3880 468 3969 apud
481 3902 543 3947 me
562 3877 747 3948 deferas
711 3898 833 3968 ,rpse
829 3875 937 3944 enim
948 3891 1052 3943 meos

82 3976 226 4046 aulicos
241 3979 436 4070 explorare
453 3982 548 4049 volo.
625 3982 727 4052 Tum
747 3979 821 4048 Hel
823 3977 908 4071 gius
927 3973 1054 4064 Sigur·

83 4077 175 4146 dum
205 4091 333 4150 contra
364 4080 620 4158 Thorvaldum
640 4079 856 4152 'accendere
884 4087 1052 4163 conatur,
