2528 4770
42 261 147 328 atto.
336 232 338 237 ’
380 261 658 326 m
868 238 958 328 269

4 545 6 552 ,
40 467 303 564 Riignv'ctldus
320 481 489 567 satrapa
508 471 673 564 nuptias
688 493 772 538 cum
789 467 1023 565 Ingihjarga·

429 571 607 642 celebrat.

143 668 337 762 Capeti.
410 675 492 744 Rex
528 673 669 742 Olavus
689 685 860 740 austrum
886 693 1014 740 versus

39 769 197 840 stadum
220 795 307 840 cum
334 773 451 863 copiis
475 787 742 864 praetervectus
769 784 845 854 est5
882 767 957 860 quo'
973 774 1019 842 -in

38 871 181 940 itinere
196 873 322 940 comes
339 874 374 941 ei
392 873 519 942 aderat
535 875 679 966 Regina
704 871 868 962 Thyria,
896 885 934 938 et
956 872 1016 938 In-

40 972 211 1066 gibjarga
230 973 414 1066 Tryggvii
426 974 522 1060 filia,
547 994 653 1042 soror
671 973 769 1066 regis
783 969 899 1040 Olavi.
928 973 1017 1046 Plu-

39 1072 130 1152 rimi
144 1089 236 1142 tunc
249 1075 296 1142 ad
310 1097 398 1140 eum
416 1097 602 1144 accessere
624 1075 854 1158 amicorum,
877 1073 1016 1162 ¹princi·

38 1193 135 1264 pum
159 1174 358 1262 virorum,
385 1177 507 1264 parati
538 1174 585 1242 ad
609 1175 706 1244 hanc
718 1197 724 1208 ·‘
736 1171 1018 1262 expeditionem

39 1291 129 1342 cum
149 1295 241 1366 rege
264 1273 484 1344 adeundam.
546 1278 717 1368 Quorum
739 1275 916 1364 princeps
938 1289 1018 1342 erat

37 1374 218 1468 Erlingus
237 1375 379 1467 skjatgi
390 1375 509 1464 filius,
535 1397 723 1468 progener
741 1374 935 1464 ejus,¹qui
952 1398 1016 1442 na-

39 1498 127 1544 vem
152 1473 262 1546 duxit
284 1478 450 1544 celocem
476 1477 585 1545 illam
608 1478 823 1568 ingentem,
856 1474 1014 1566 triginta

38 1575 400 1665 interscalmiorum,
425 1579 472 1646 ab
488 1577 601 1648 rebus
616 1577 790 1646 omnibus
800 1573 941 1665 optime
951 1595 1015 1663 pa-

39 1689 178 1762 ratam,
204 1671 297 1745 tunc
313 1699 352 1746 se
370 1677 486 1748 etiam
501 1677 536 1746 ei
554 1678 713 1763 junxere
739 1697 913 1744 sororum
932 1675 1015 1760 ejus
1079 1693 1080 1698 ’

38 1777 187 1864 mariti,
220 1777 440 1871 Hyrningus
460 1800 502 1846 ac
523 1779 717 1870 Thorger,
767 1799 812 1846 ex
827 1774 935 1846 Vikia
952 1775 1013 1844 ad-

38 1879 252 1970 venientes,
294 1899 371 1946 suae
392 1878 549 1969 quisque
573 1879 677 1946 navis
698 1875 864 1971 ingentis
888 1875 1020 1944 duces..

37 1977 157 2050 Multi
173 1977 240 2044 alii
262 1997 353 2044 eum
377 1979 652 2048 comitabantur
667 1980 737 2048 viri
747 1975 1018 2065 potentissimi.-

39 2081 183 2149 Totum
197 2077 404 2146 exercitum
414 2091 585 2148 austrum
598 2089 724 2146 versus
741 2077 857 2162 duxit,
884 2075 1013 2146 littora

39 2191 148 2246 terrae
167 2179 308 2271 legens.
369 2182 419 2248 At
438 2186 637 2270 postquam
659 2176 930 2269 Rogalamh‘am
953 2197 1012 2244 ac-

40 2291 216 2366 cesserat,
251 2279 431 2370 temporis
455 2278 632 2350 nonnihil
654 2278 709 2348 ibi
730 2277 860 2364 traxit,
887 2273 1011 2365 splen-

40 2375 125 2448 dido
143 2377 313 2448 convivio
322 2379 521 2468 affuturus,
542 2379 642 2470 quod
656 2380 690 2446 ei
705 2378 745 2448 in
763 2377 849 2446 Sola
867 2373 1011 2444 struxe-

38 2491 96 2546 rat
116 2480 296 2570 urlingus
318 2480 460 2574 Skjalgi
489 2481 602 2550 filius.
672 2484 774 2552 Tum
796 2477 841 2546 de
864 2475 1009 2546 oriente

39 2581 185 2671 Regem
196 2581 357 2648 Olavum
365 2603 412 2650 ex
423 2579 1011 2670 GothiaaccessitsatrapaRiigrr·

39 2679 170 2749 valdus
183 2679 260 2750 Ulfi
275 2680 393 2770 filius,
418 2683 617 2775 negotium
630 2692 847 2766 curaturus,
873 2677 1009 2767 dequo

39 2779 230 2868 praeterita
255 2781 392 2872 hyeme
418 2784 520 2850 ultro
550 2781 720 2870 citroque
751 2779 864 2850 verba
896 2781 1016 2868 at'que'

39 2879 164 2948 nuntii
187 2898 293 2950 crant
320 2882 444 2969 missi,
484 2883 529 2952 de
560 2880 754 2973 conjugio,
797 2900 887 2946 cum
909 2879 1012 2971 regis

40 3002 165 3050 sorore
179 2981 395 3074 Ingibjarga
410 2982 674 3053 contrahendo.
711 2978 934 3052 Venientem
943 3002 1011 3046 rex

41 3081 179 3150 Olavus
193 3081 355 3172 benigne
372 3084 527 3172 excepit.
579 3082 680 3152 Hinc
700 3081 745 3148 de
768 3077 922 3171 negotio
936 3079 1008 3146 isto

41 3203 129 3251 cutn
143 3182 296 3253 tractari
306 3196 361 3250 est
375 3181 561 3273 coeptum,
579 3181 673 3255 dixit
686 3203 752 3247 rex
761 3221 773 3266 ,v
796 3200 836 3246 se
849 3177 924 3245 suis
938 3175 1012 3248 hac

41 3282 87 3350 de
100 3303 142 3350 re
159 3282 352 3372 promissis
368 3298 465 3352 stare
481 3283 598 3370 velle,
629 3283 738 3371 eique
755 3277 1019 3370 Ingibjargam.

40 3393 206 3472 nuptum
221 3383 414 3473 daturum,
439 3383 470 3452 si
481 3385 559 3473 ipse
572 3404 701 3450 veram
717 3379 1016 3478 religionemac·'

39 3495 193 3574 ceptsre
209 3496 260 3552 et
282 3498 431 3573 tenere,
468 3497 669 3573 totumque
697 3481 882 3572 populum
895 3505 912 3568 ,z
946 3475 1017 3546 'cut

37 3583 237 3674 prefectus
252 3597 347 3673 erat,
375 3583 620 3654 christianum
634 3583 757 3652 facere
773 3580 897 3648 vellet.
912 3581 1013 3648 'Hoc

39 3683 231 3775 pollicitus
255 3699 419 3776 satrapa,
451 3684 532 3775 ipse
551 3684 756 3774 baptizatus
782 3689 838 3747 est
861 3698 1012 3746 omnes-¹

40 3807 120 3875 que*
130 3783 213 3869 ejus
223 3786 389 3856 comites.
428 3787 510 3879 Quo
528 3782 646 3872 facto,
663 3779 895 3869 conviviique
907 3777 1014 3870 quod*

40 3897 228 3955 struxerat
241 3887 417 3979 Erlingus
435 3897 544 3956 aucto
554 3897 746 3974 apparatu,
761 3879 911 3970 nuptias
920 3901 1009 3948 cum

38 3983 257 4077 Ingibjarga
273 3986 454 4081 Tryggvii
469 3985 545 4056 filia
562 4005 606 4053 eo
622 3983 662 4054 iu
679 3981 845 4052 convivio
860 3994 1008 4070 satrapa

39 4084 253 4156 celebrarit.
332 4088 473 4174 Omnes
501 4107 595 4154 suas.
613 4105 759 4154 sorores
781 4101 847 4152 rex
870 4079 1010 4148 Olavus
