<?xml version="1.0" encoding="UTF-8"?>
<!DOCTYPE html PUBLIC "-//W3C//DTD XHTML 1.0 Transitional//EN"
    "http://www.w3.org/TR/xhtml1/DTD/xhtml1-transitional.dtd">
<html xmlns="http://www.w3.org/1999/xhtml" xml:lang="en" lang="en">
 <head>
  <title>
</title>
<meta http-equiv="Content-Type" content="text/html;charset=utf-8" />
  <meta name='ocr-system' content='tesseract 3.04.00' />
  <meta name='ocr-capabilities' content='ocr_page ocr_carea ocr_par ocr_line ocrx_word'/>
</head>
<body>
  <div class='ocr_page' id='page_1' title='image "./scriptahistoric00unkngoog_0170.png"; bbox 0 0 2502 4774; ppageno 0'>
   <div class='ocr_carea' id='block_1_1' title="bbox 62 253 1038 360">
    <p class='ocr_par' dir='ltr' id='par_1_1' title="bbox 62 253 1038 360">
     <span class='ocr_line' id='line_1_1' title="bbox 62 253 1038 360; baseline 0.001 -17"><span class='ocrx_word' id='word_1_1' title='bbox 62 271 234 343; x_wconf 67' lang='lat' dir='ltr'>sumac.</span> <span class='ocrx_word' id='word_1_2' title='bbox 398 274 661 332; x_wconf 60' lang='lat' dir='ltr'>m</span> <span class='ocrx_word' id='word_1_3' title='bbox 849 253 1038 360; x_wconf 58' lang='lat'>2155„</span> 
     </span>
    </p>
   </div>
   <div class='ocr_carea' id='block_1_2' title="bbox 38 482 1084 4164">
    <p class='ocr_par' dir='ltr' id='par_1_2' title="bbox 61 482 1005 652">
     <span class='ocr_line' id='line_1_2' title="bbox 61 482 1005 577; baseline -0.004 -17"><span class='ocrx_word' id='word_1_4' title='bbox 61 490 130 562; x_wconf 77' lang='lat' dir='ltr'>Rex</span> <span class='ocrx_word' id='word_1_5' title='bbox 156 485 302 558; x_wconf 73' lang='lat' dir='ltr'>Olane</span> <span class='ocrx_word' id='word_1_6' title='bbox 327 493 363 556; x_wconf 79' lang='lat' dir='ltr'>et</span> <span class='ocrx_word' id='word_1_7' title='bbox 391 482 621 577; x_wconf 77' lang='lat' dir='ltr'>Sigmundua</span> <span class='ocrx_word' id='word_1_8' title='bbox 644 483 788 554; x_wconf 83' lang='lat' dir='ltr'>artium</span> <span class='ocrx_word' id='word_1_9' title='bbox 814 497 1005 556; x_wconf 79' lang='lat' dir='ltr'>certamen</span> 
     </span>
     <span class='ocr_line' id='line_1_3' title="bbox 421 583 637 652; baseline 0 0"><span class='ocrx_word' id='word_1_10' title='bbox 421 583 637 652; x_wconf 78' lang='lat' dir='ltr'>instituunt.</span> 
     </span>
    </p>

    <p class='ocr_par' dir='ltr' id='par_1_3' title="bbox 45 683 1084 3366">
     <span class='ocr_line' id='line_1_4' title="bbox 146 683 1003 776; baseline 0 -24"><span class='ocrx_word' id='word_1_11' title='bbox 146 685 313 775; x_wconf 73' lang='lat' dir='ltr'>Captae.</span> <span class='ocrx_word' id='word_1_12' title='bbox 353 683 890 776; x_wconf 78' lang='lat' dir='ltr'>SigmundusBresterisfiliuS,</span> <span class='ocrx_word' id='word_1_13' title='bbox 906 706 1003 773; x_wconf 89' lang='lat' dir='ltr'>cum,</span> 
     </span>
     <span class='ocr_line' id='line_1_5' title="bbox 58 782 1004 877; baseline 0 -25"><span class='ocrx_word' id='word_1_14' title='bbox 58 789 148 872; x_wconf 80' lang='lat' dir='ltr'>jussu</span> <span class='ocrx_word' id='word_1_15' title='bbox 164 783 264 877; x_wconf 79' lang='lat' dir='ltr'>regis</span> <span class='ocrx_word' id='word_1_16' title='bbox 276 785 381 855; x_wconf 90' lang='lat' dir='ltr'>Olavi</span> <span class='ocrx_word' id='word_1_17' title='bbox 392 782 572 876; x_wconf 79' lang='lat' dir='ltr'>Tryggvii</span> <span class='ocrx_word' id='word_1_18' title='bbox 589 785 670 872; x_wconf 84' lang='lat' dir='ltr'>filii,</span> <span class='ocrx_word' id='word_1_19' title='bbox 694 807 823 852; x_wconf 87' lang='lat' dir='ltr'>omnes</span> <span class='ocrx_word' id='word_1_20' title='bbox 838 787 1004 877; x_wconf 84' lang='lat' dir='ltr'>Faereyas</span> 
     </span>
     <span class='ocr_line' id='line_1_6' title="bbox 59 883 1005 974; baseline -0.004 -20"><span class='ocrx_word' id='word_1_21' title='bbox 59 886 97 954; x_wconf 87' lang='lat' dir='ltr'>ad</span> <span class='ocrx_word' id='word_1_22' title='bbox 112 884 423 970; x_wconf 64' lang='lat' dir='ltr'><strong>christianismum</strong></span> <span class='ocrx_word' id='word_1_23' title='bbox 441 897 688 971; x_wconf 84' lang='lat' dir='ltr'>converterat,</span> <span class='ocrx_word' id='word_1_24' title='bbox 728 897 854 954; x_wconf 87' lang='lat' dir='ltr'>aestate</span> <span class='ocrx_word' id='word_1_25' title='bbox 880 883 1005 974; x_wconf 83' lang='lat' dir='ltr'>proxi·</span> 
     </span>
     <span class='ocr_line' id='line_1_7' title="bbox 57 983 1004 1058; baseline -0.005 -5"><span class='ocrx_word' id='word_1_26' title='bbox 57 1009 109 1054; x_wconf 90' lang='lat' dir='ltr'>ma</span> <span class='ocrx_word' id='word_1_27' title='bbox 122 983 342 1058; x_wconf 90' lang='lat' dir='ltr'>Thrandum</span> <span class='ocrx_word' id='word_1_28' title='bbox 359 983 403 1050; x_wconf 91' lang='lat' dir='ltr'>de</span> <span class='ocrx_word' id='word_1_29' title='bbox 418 984 513 1053; x_wconf 90' lang='lat' dir='ltr'>Gata</span> <span class='ocrx_word' id='word_1_30' title='bbox 527 1005 653 1054; x_wconf 88' lang='lat' dir='ltr'>secum</span> <span class='ocrx_word' id='word_1_31' title='bbox 673 985 854 1055; x_wconf 81' lang='lat' dir='ltr'>orientem</span> <span class='ocrx_word' id='word_1_32' title='bbox 876 1004 1004 1052; x_wconf 87' lang='lat' dir='ltr'>versus</span> 
     </span>
     <span class='ocr_line' id='line_1_8' title="bbox 55 1083 1084 1176; baseline 0.002 -26"><span class='ocrx_word' id='word_1_33' title='bbox 55 1086 106 1176; x_wconf 76' lang='lat' dir='ltr'>(in</span> <span class='ocrx_word' id='word_1_34' title='bbox 119 1083 360 1176; x_wconf 80' lang='lat' dir='ltr'>Norvegiam)</span> <span class='ocrx_word' id='word_1_35' title='bbox 375 1083 532 1152; x_wconf 84' lang='lat' dir='ltr'>avehere</span> <span class='ocrx_word' id='word_1_36' title='bbox 551 1084 745 1176; x_wconf 83' lang='lat' dir='ltr'>cogitavit,</span> <span class='ocrx_word' id='word_1_37' title='bbox 784 1084 847 1152; x_wconf 86' lang='lat' dir='ltr'>sed</span> <span class='ocrx_word' id='word_1_38' title='bbox 870 1083 926 1152; x_wconf 89' lang='lat' dir='ltr'>bis</span> <span class='ocrx_word' id='word_1_39' title='bbox 942 1083 1004 1152; x_wconf 82' lang='lat' dir='ltr'>ad·</span> <span class='ocrx_word' id='word_1_40' title='bbox 1081 1165 1084 1170; x_wconf 13' lang='grc' dir='ltr'><strong>Α</strong></span> 
     </span>
     <span class='ocr_line' id='line_1_9' title="bbox 57 1184 1005 1276; baseline -0.003 -23"><span class='ocrx_word' id='word_1_41' title='bbox 57 1207 149 1254; x_wconf 85' lang='lat' dir='ltr'>versa</span> <span class='ocrx_word' id='word_1_42' title='bbox 173 1197 395 1274; x_wconf 83' lang='lat' dir='ltr'>tempestate</span> <span class='ocrx_word' id='word_1_43' title='bbox 418 1184 464 1251; x_wconf 90' lang='lat' dir='ltr'>ad</span> <span class='ocrx_word' id='word_1_44' title='bbox 485 1185 649 1276; x_wconf 83' lang='lat' dir='ltr'>Faereyas</span> <span class='ocrx_word' id='word_1_45' title='bbox 670 1186 863 1276; x_wconf 86' lang='lat' dir='ltr'>repulsus,</span> <span class='ocrx_word' id='word_1_46' title='bbox 902 1197 1005 1250; x_wconf 87' lang='lat' dir='ltr'>utra·</span> 
     </span>
     <span class='ocr_line' id='line_1_10' title="bbox 58 1281 1004 1374; baseline -0.002 -24"><span class='ocrx_word' id='word_1_47' title='bbox 58 1307 121 1374; x_wconf 87' lang='lat' dir='ltr'>que</span> <span class='ocrx_word' id='word_1_48' title='bbox 140 1307 232 1352; x_wconf 85' lang='lat' dir='ltr'>nave</span> <span class='ocrx_word' id='word_1_49' title='bbox 256 1283 393 1370; x_wconf 80' lang='lat' dir='ltr'>fracta,</span> <span class='ocrx_word' id='word_1_50' title='bbox 438 1285 591 1353; x_wconf 86' lang='lat' dir='ltr'>alteram</span> <span class='ocrx_word' id='word_1_51' title='bbox 617 1285 783 1373; x_wconf 83' lang='lat' dir='ltr'>hiemem</span> <span class='ocrx_word' id='word_1_52' title='bbox 806 1283 846 1351; x_wconf 90' lang='lat' dir='ltr'>in</span> <span class='ocrx_word' id='word_1_53' title='bbox 870 1281 1004 1351; x_wconf 85' lang='lat' dir='ltr'>insulis</span> 
     </span>
     <span class='ocr_line' id='line_1_11' title="bbox 56 1375 1003 1476; baseline 0 -26"><span class='ocrx_word' id='word_1_54' title='bbox 56 1383 225 1476; x_wconf 80' lang='lat' dir='ltr'>transegit</span> <span class='ocrx_word' id='word_1_55' title='bbox 242 1395 281 1450; x_wconf 85' lang='lat' dir='ltr'>et</span> <span class='ocrx_word' id='word_1_56' title='bbox 296 1375 439 1470; x_wconf 86' lang='lat' dir='ltr'>navim,</span> <span class='ocrx_word' id='word_1_57' title='bbox 482 1383 606 1450; x_wconf 86' lang='lat' dir='ltr'>minus</span> <span class='ocrx_word' id='word_1_58' title='bbox 630 1385 792 1469; x_wconf 87' lang='lat' dir='ltr'>allisam,</span> <span class='ocrx_word' id='word_1_59' title='bbox 835 1383 1003 1450; x_wconf 79' lang='lat' dir='ltr'>reficien-</span> 
     </span>
     <span class='ocr_line' id='line_1_12' title="bbox 58 1483 1004 1572; baseline 0 -22"><span class='ocrx_word' id='word_1_60' title='bbox 58 1483 131 1550; x_wconf 87' lang='lat' dir='ltr'>dam</span> <span class='ocrx_word' id='word_1_61' title='bbox 155 1483 311 1568; x_wconf 81' lang='lat' dir='ltr'>curavit,</span> <span class='ocrx_word' id='word_1_62' title='bbox 346 1503 534 1571; x_wconf 42' lang='lat' dir='ltr'>‘eamque‘</span> <span class='ocrx_word' id='word_1_63' title='bbox 549 1484 719 1572; x_wconf 87' lang='lat' dir='ltr'>proximo</span> <span class='ocrx_word' id='word_1_64' title='bbox 737 1503 844 1569; x_wconf 85' lang='lat' dir='ltr'>vere,</span> <span class='ocrx_word' id='word_1_65' title='bbox 890 1493 1004 1572; x_wconf 81' lang='lat' dir='ltr'>quam</span> 
     </span>
     <span class='ocr_line' id='line_1_13' title="bbox 55 1581 1003 1672; baseline 0.002 -24"><span class='ocrx_word' id='word_1_66' title='bbox 55 1583 206 1672; x_wconf 87' lang='lat' dir='ltr'>primum</span> <span class='ocrx_word' id='word_1_67' title='bbox 222 1605 327 1650; x_wconf 85' lang='lat' dir='ltr'>mare</span> <span class='ocrx_word' id='word_1_68' title='bbox 342 1581 495 1650; x_wconf 81' lang='lat' dir='ltr'>navibus</span> <span class='ocrx_word' id='word_1_69' title='bbox 514 1583 686 1672; x_wconf 87' lang='lat' dir='ltr'>pervium</span> <span class='ocrx_word' id='word_1_70' title='bbox 701 1582 913 1670; x_wconf 80' lang='lat' dir='ltr'>videbatur,</span> <span class='ocrx_word' id='word_1_71' title='bbox 939 1603 1003 1672; x_wconf 83' lang='lat' dir='ltr'>ap-</span> 
     </span>
     <span class='ocr_line' id='line_1_14' title="bbox 54 1672 1002 1774; baseline 0 -26"><span class='ocrx_word' id='word_1_72' title='bbox 54 1672 202 1772; x_wconf 82' lang='lat' dir='ltr'>paravit,</span> <span class='ocrx_word' id='word_1_73' title='bbox 230 1695 286 1770; x_wconf 90' lang='lat' dir='ltr'>et,</span> <span class='ocrx_word' id='word_1_74' title='bbox 313 1703 401 1764; x_wconf 89' lang='lat' dir='ltr'>cum</span> <span class='ocrx_word' id='word_1_75' title='bbox 416 1703 455 1750; x_wconf 91' lang='lat' dir='ltr'>se</span> <span class='ocrx_word' id='word_1_76' title='bbox 468 1681 596 1750; x_wconf 85' lang='lat' dir='ltr'>itineri</span> <span class='ocrx_word' id='word_1_77' title='bbox 610 1684 838 1770; x_wconf 82' lang='lat' dir='ltr'>accinxerat,</span> <span class='ocrx_word' id='word_1_78' title='bbox 866 1683 1002 1774; x_wconf 83' lang='lat' dir='ltr'>pelago</span> 
     </span>
     <span class='ocr_line' id='line_1_15' title="bbox 55 1781 1002 1870; baseline -0.002 -20"><span class='ocrx_word' id='word_1_79' title='bbox 55 1781 240 1870; x_wconf 75' lang='lat' dir='ltr'>commisit,</span> <span class='ocrx_word' id='word_1_80' title='bbox 267 1782 398 1852; x_wconf 88' lang='lat' dir='ltr'>relicto</span> <span class='ocrx_word' id='word_1_81' title='bbox 414 1781 602 1870; x_wconf 72' lang='lat' dir='ltr'>Thi-audo,</span> <span class='ocrx_word' id='word_1_82' title='bbox 628 1805 671 1851; x_wconf 88' lang='lat' dir='ltr'>ea</span> <span class='ocrx_word' id='word_1_83' title='bbox 691 1781 916 1868; x_wconf 86' lang='lat' dir='ltr'>conditione,</span> <span class='ocrx_word' id='word_1_84' title='bbox 939 1799 1002 1848; x_wconf 72' lang='lat' dir='ltr'>cu*-</span> 
     </span>
     <span class='ocr_line' id='line_1_16' title="bbox 53 1872 1044 1970; baseline 0.003 -23"><span class='ocrx_word' id='word_1_85' title='bbox 53 1881 105 1966; x_wconf 85' lang='lat' dir='ltr'>jus</span> <span class='ocrx_word' id='word_1_86' title='bbox 126 1903 236 1970; x_wconf 89' lang='lat' dir='ltr'>supra</span> <span class='ocrx_word' id='word_1_87' title='bbox 257 1881 398 1950; x_wconf 88' lang='lat' dir='ltr'>mentio</span> <span class='ocrx_word' id='word_1_88' title='bbox 424 1872 540 1966; x_wconf 66' lang='lat' dir='ltr'>facta,</span> <span class='ocrx_word' id='word_1_89' title='bbox 564 1883 653 1969; x_wconf 75' lang='lat' dir='ltr'>&#39;jam</span> <span class='ocrx_word' id='word_1_90' title='bbox 677 1883 785 1952; x_wconf 89' lang='lat' dir='ltr'>nullo</span> <span class='ocrx_word' id='word_1_91' title='bbox 807 1881 1001 1950; x_wconf 82' lang='lat' dir='ltr'>obstaculo</span> <span class='ocrx_word' id='word_1_92' title='bbox 1042 1913 1044 1918; x_wconf 94' lang='lat'><em>·</em></span> 
     </span>
     <span class='ocr_line' id='line_1_17' title="bbox 52 1979 1003 2075; baseline 0.002 -28"><span class='ocrx_word' id='word_1_93' title='bbox 52 1979 330 2069; x_wconf 82' lang='lat' dir='ltr'>interveniente,</span> <span class='ocrx_word' id='word_1_94' title='bbox 363 1981 594 2074; x_wconf 82' lang='lat' dir='ltr'>navigatione</span> <span class='ocrx_word' id='word_1_95' title='bbox 615 1982 812 2051; x_wconf 85' lang='lat' dir='ltr'>defunctus</span> <span class='ocrx_word' id='word_1_96' title='bbox 830 1983 1003 2075; x_wconf 80' lang='lat' dir='ltr'>Sigmun-</span> 
     </span>
     <span class='ocr_line' id='line_1_18' title="bbox 53 2071 1001 2174; baseline 0.001 -27"><span class='ocrx_word' id='word_1_97' title='bbox 53 2081 111 2150; x_wconf 90' lang='lat' dir='ltr'>dus</span> <span class='ocrx_word' id='word_1_98' title='bbox 127 2101 256 2174; x_wconf 82' lang='lat' dir='ltr'>regem</span> <span class='ocrx_word' id='word_1_99' title='bbox 271 2083 429 2150; x_wconf 86' lang='lat' dir='ltr'>Olavum</span> <span class='ocrx_word' id='word_1_100' title='bbox 443 2081 648 2153; x_wconf 84' lang='lat' dir='ltr'>Nidarosiae</span> <span class='ocrx_word' id='word_1_101' title='bbox 671 2071 862 2170; x_wconf 85' lang='lat' dir='ltr'>convenit,</span> <span class='ocrx_word' id='word_1_102' title='bbox 892 2081 1001 2170; x_wconf 84' lang='lat' dir='ltr'>eique</span> 
     </span>
     <span class='ocr_line' id='line_1_19' title="bbox 51 2181 1001 2272; baseline -0.002 -24"><span class='ocrx_word' id='word_1_103' title='bbox 51 2182 266 2270; x_wconf 85' lang='lat' dir='ltr'>pecuniam,</span> <span class='ocrx_word' id='word_1_104' title='bbox 301 2205 413 2270; x_wconf 90' lang='lat' dir='ltr'>quam</span> <span class='ocrx_word' id='word_1_105' title='bbox 439 2203 508 2272; x_wconf 89' lang='lat' dir='ltr'>pro</span> <span class='ocrx_word' id='word_1_106' title='bbox 540 2182 691 2258; x_wconf 89' lang='lat' dir='ltr'>tributis</span> <span class='ocrx_word' id='word_1_107' title='bbox 719 2181 844 2272; x_wconf 89' lang='lat' dir='ltr'>priore</span> <span class='ocrx_word' id='word_1_108' title='bbox 877 2194 1001 2248; x_wconf 85' lang='lat' dir='ltr'>aestate</span> 
     </span>
     <span class='ocr_line' id='line_1_20' title="bbox 51 2279 1026 2372; baseline 0.001 -26"><span class='ocrx_word' id='word_1_109' title='bbox 51 2281 182 2350; x_wconf 79' lang='lat' dir='ltr'>arnissis</span> <span class='ocrx_word' id='word_1_110' title='bbox 196 2281 449 2370; x_wconf 83' lang='lat' dir='ltr'>persolvebat,</span> <span class='ocrx_word' id='word_1_111' title='bbox 487 2279 580 2352; x_wconf 89' lang='lat' dir='ltr'>item</span> <span class='ocrx_word' id='word_1_112' title='bbox 597 2283 737 2350; x_wconf 88' lang='lat' dir='ltr'>tributa</span> <span class='ocrx_word' id='word_1_113' title='bbox 751 2296 843 2348; x_wconf 88' lang='lat' dir='ltr'>tunc</span> <span class='ocrx_word' id='word_1_114' title='bbox 857 2281 1001 2372; x_wconf 81' lang='lat' dir='ltr'>persol—</span> <span class='ocrx_word' id='word_1_115' title='bbox 1023 2325 1026 2340; x_wconf 80' lang='lat'>·</span> 
     </span>
     <span class='ocr_line' id='line_1_21' title="bbox 50 2380 1000 2473; baseline 0 -27"><span class='ocrx_word' id='word_1_116' title='bbox 50 2381 156 2448; x_wconf 85' lang='lat' dir='ltr'>venda</span> <span class='ocrx_word' id='word_1_117' title='bbox 171 2381 333 2448; x_wconf 88' lang='lat' dir='ltr'>tradidit.</span> <span class='ocrx_word' id='word_1_118' title='bbox 361 2385 440 2451; x_wconf 83' lang='lat' dir='ltr'>Rex</span> <span class='ocrx_word' id='word_1_119' title='bbox 456 2405 543 2449; x_wconf 89' lang='lat' dir='ltr'>eum</span> <span class='ocrx_word' id='word_1_120' title='bbox 558 2381 717 2473; x_wconf 83' lang='lat' dir='ltr'>comiter</span> <span class='ocrx_word' id='word_1_121' title='bbox 728 2380 887 2471; x_wconf 67' lang='lat' dir='ltr'>accepit,</span> <span class='ocrx_word' id='word_1_122' title='bbox 902 2381 1000 2448; x_wconf 89' lang='lat' dir='ltr'>mul-</span> 
     </span>
     <span class='ocr_line' id='line_1_22' title="bbox 49 2472 1001 2573; baseline 0.008 -29"><span class='ocrx_word' id='word_1_123' title='bbox 49 2492 195 2570; x_wconf 87' lang='lat' dir='ltr'>tumque</span> <span class='ocrx_word' id='word_1_124' title='bbox 213 2481 308 2548; x_wconf 84' lang='lat' dir='ltr'>veris</span> <span class='ocrx_word' id='word_1_125' title='bbox 325 2481 548 2572; x_wconf 81' lang='lat' dir='ltr'>Sigmundus</span> <span class='ocrx_word' id='word_1_126' title='bbox 565 2472 665 2572; x_wconf 89' lang='lat' dir='ltr'>apud</span> <span class='ocrx_word' id='word_1_127' title='bbox 682 2481 924 2573; x_wconf 81' lang='lat' dir='ltr'>regemegit,</span> <span class='ocrx_word' id='word_1_128' title='bbox 949 2478 1001 2552; x_wconf 74' lang='lat' dir='ltr'>ei:-</span> 
     </span>
     <span class='ocr_line' id='line_1_23' title="bbox 50 2582 1001 2672; baseline 0 -27"><span class='ocrx_word' id='word_1_129' title='bbox 50 2582 277 2668; x_wconf 83' lang='lat' dir='ltr'>queomnia,</span> <span class='ocrx_word' id='word_1_130' title='bbox 303 2603 384 2672; x_wconf 86' lang='lat' dir='ltr'>quae</span> <span class='ocrx_word' id='word_1_131' title='bbox 412 2603 452 2649; x_wconf 88' lang='lat' dir='ltr'>se</span> <span class='ocrx_word' id='word_1_132' title='bbox 478 2594 515 2650; x_wconf 87' lang='lat' dir='ltr'>et</span> <span class='ocrx_word' id='word_1_133' title='bbox 542 2582 763 2653; x_wconf 85' lang='lat' dir='ltr'>Thraudum</span> <span class='ocrx_word' id='word_1_134' title='bbox 782 2595 1001 2670; x_wconf 83' lang='lat' dir='ltr'>ceterosque</span> 
     </span>
     <span class='ocr_line' id='line_1_24' title="bbox 47 2673 1001 2774; baseline 0.001 -30"><span class='ocrx_word' id='word_1_135' title='bbox 47 2673 226 2750; x_wconf 80' lang='lat' dir='ltr'>insulanos</span> <span class='ocrx_word' id='word_1_136' title='bbox 241 2681 558 2770; x_wconf 79' lang='lat' dir='ltr'>intercesserant,¹</span> <span class='ocrx_word' id='word_1_137' title='bbox 584 2683 737 2774; x_wconf 80' lang='lat' dir='ltr'>negotia</span> <span class='ocrx_word' id='word_1_138' title='bbox 755 2695 923 2748; x_wconf 85' lang='lat' dir='ltr'>accurate</span> <span class='ocrx_word' id='word_1_139' title='bbox 939 2701 1001 2746; x_wconf 85' lang='lat' dir='ltr'>ex-</span> 
     </span>
     <span class='ocr_line' id='line_1_25' title="bbox 48 2779 1001 2874; baseline 0.002 -30"><span class='ocrx_word' id='word_1_140' title='bbox 48 2779 171 2866; x_wconf 86' lang='lat' dir='ltr'>posuit.</span> <span class='ocrx_word' id='word_1_141' title='bbox 226 2779 298 2846; x_wconf 91' lang='lat' dir='ltr'>Cui</span> <span class='ocrx_word' id='word_1_142' title='bbox 313 2803 398 2848; x_wconf 85' lang='lat' dir='ltr'>rex:</span> <span class='ocrx_word' id='word_1_143' title='bbox 425 2783 530 2848; x_wconf 85' lang='lat' dir='ltr'>male</span> <span class='ocrx_word' id='word_1_144' title='bbox 545 2783 698 2870; x_wconf 86' lang='lat' dir='ltr'>accidit,</span> <span class='ocrx_word' id='word_1_145' title='bbox 722 2781 865 2870; x_wconf 88' lang='lat' dir='ltr'>inquit,</span> <span class='ocrx_word' id='word_1_146' title='bbox 901 2779 1001 2874; x_wconf 78' lang='lat' dir='ltr'>quod</span> 
     </span>
     <span class='ocr_line' id='line_1_26' title="bbox 47 2878 1000 2970; baseline -0.003 -22"><span class='ocrx_word' id='word_1_147' title='bbox 47 2878 236 2948; x_wconf 85' lang='lat' dir='ltr'>Thrandus</span> <span class='ocrx_word' id='word_1_148' title='bbox 247 2879 292 2947; x_wconf 91' lang='lat' dir='ltr'>ad</span> <span class='ocrx_word' id='word_1_149' title='bbox 302 2903 363 2948; x_wconf 88' lang='lat' dir='ltr'>me</span> <span class='ocrx_word' id='word_1_150' title='bbox 377 2903 453 2950; x_wconf 89' lang='lat' dir='ltr'>non</span> <span class='ocrx_word' id='word_1_151' title='bbox 468 2881 658 2970; x_wconf 68' lang='lat' dir='ltr'>pervenit,</span> <span class='ocrx_word' id='word_1_152' title='bbox 685 2882 926 2970; x_wconf 85' lang='lat' dir='ltr'>multumque</span> <span class='ocrx_word' id='word_1_153' title='bbox 942 2902 1000 2946; x_wconf 90' lang='lat' dir='ltr'>re-</span> 
     </span>
     <span class='ocr_line' id='line_1_27' title="bbox 47 2971 997 3070; baseline 0 -28"><span class='ocrx_word' id='word_1_154' title='bbox 47 2976 108 3042; x_wconf 90' lang='lat' dir='ltr'>bus</span> <span class='ocrx_word' id='word_1_155' title='bbox 130 2979 280 3066; x_wconf 82' lang='lat' dir='ltr'>vestris,</span> <span class='ocrx_word' id='word_1_156' title='bbox 320 2981 386 3070; x_wconf 88' lang='lat' dir='ltr'>qui</span> <span class='ocrx_word' id='word_1_157' title='bbox 412 2981 453 3048; x_wconf 89' lang='lat' dir='ltr'>in</span> <span class='ocrx_word' id='word_1_158' title='bbox 474 2971 614 3048; x_wconf 50' lang='lat' dir='ltr'>insulis¹</span> <span class='ocrx_word' id='word_1_159' title='bbox 635 2979 828 3066; x_wconf 77' lang='lat' dir='ltr'>habitatio,</span> <span class='ocrx_word' id='word_1_160' title='bbox 870 2977 997 3064; x_wconf 86' lang='lat' dir='ltr'>officit,</span> 
     </span>
     <span class='ocr_line' id='line_1_28' title="bbox 47 3077 1000 3174; baseline 0.002 -32"><span class='ocrx_word' id='word_1_161' title='bbox 47 3077 232 3164; x_wconf 87' lang='lat' dir='ltr'>quodinde</span> <span class='ocrx_word' id='word_1_162' title='bbox 248 3081 386 3170; x_wconf 86' lang='lat' dir='ltr'>expelli</span> <span class='ocrx_word' id='word_1_163' title='bbox 397 3080 549 3174; x_wconf 67' lang='lat' dir='ltr'>nequit,</span> <span class='ocrx_word' id='word_1_164' title='bbox 576 3079 709 3170; x_wconf 88' lang='lat' dir='ltr'>opinor</span> <span class='ocrx_word' id='word_1_165' title='bbox 724 3079 837 3163; x_wconf 88' lang='lat' dir='ltr'>enim,</span> <span class='ocrx_word' id='word_1_166' title='bbox 853 3079 1000 3150; x_wconf 88' lang='lat' dir='ltr'>Thran·</span> 
     </span>
     <span class='ocr_line' id='line_1_29' title="bbox 45 3175 999 3270; baseline 0.001 -28"><span class='ocrx_word' id='word_1_167' title='bbox 45 3175 126 3244; x_wconf 89' lang='lat' dir='ltr'>dum</span> <span class='ocrx_word' id='word_1_168' title='bbox 142 3179 314 3248; x_wconf 89' lang='lat' dir='ltr'>omnium</span> <span class='ocrx_word' id='word_1_169' title='bbox 332 3180 695 3268; x_wconf 84' lang='lat' dir='ltr'>septemtrionalium</span> <span class='ocrx_word' id='word_1_170' title='bbox 709 3177 861 3270; x_wconf 82' lang='lat' dir='ltr'>pessimi</span> <span class='ocrx_word' id='word_1_171' title='bbox 878 3176 999 3244; x_wconf 84' lang='lat' dir='ltr'>homi-</span> 
     </span>
     <span class='ocr_line' id='line_1_30' title="bbox 45 3275 736 3366; baseline 0.01 -26"><span class='ocrx_word' id='word_1_172' title='bbox 45 3275 94 3341; x_wconf 87' lang='lat' dir='ltr'>nis</span> <span class='ocrx_word' id='word_1_173' title='bbox 111 3299 308 3366; x_wconf 86' lang='lat' dir='ltr'>personam</span> <span class='ocrx_word' id='word_1_174' title='bbox 326 3279 518 3348; x_wconf 85' lang='lat' dir='ltr'>sustinere.</span> <span class='ocrx_word' id='word_1_175' title='bbox 733 3293 736 3296; x_wconf 80' lang='grc'><strong>’</strong></span> 
     </span>
    </p>

    <p class='ocr_par' dir='ltr' id='par_1_4' title="bbox 38 3375 999 4164">
     <span class='ocr_line' id='line_1_31' title="bbox 136 3375 998 3469; baseline 0.001 -27"><span class='ocrx_word' id='word_1_176' title='bbox 136 3377 224 3466; x_wconf 90' lang='lat' dir='ltr'>Cap.</span> <span class='ocrx_word' id='word_1_177' title='bbox 241 3385 311 3450; x_wconf 79' lang='lat'><strong>206.</strong></span> <span class='ocrx_word' id='word_1_178' title='bbox 365 3383 444 3451; x_wconf 86' lang='lat' dir='ltr'>Rex</span> <span class='ocrx_word' id='word_1_179' title='bbox 463 3380 598 3448; x_wconf 88' lang='lat' dir='ltr'>Olavus</span> <span class='ocrx_word' id='word_1_180' title='bbox 624 3378 789 3469; x_wconf 88' lang='lat' dir='ltr'>corporis</span> <span class='ocrx_word' id='word_1_181' title='bbox 813 3375 998 3444; x_wconf 85' lang='lat' dir='ltr'>exercitiis</span> 
     </span>
     <span class='ocr_line' id='line_1_32' title="bbox 43 3479 999 3592; baseline 0.001 -51"><span class='ocrx_word' id='word_1_182' title='bbox 43 3496 164 3548; x_wconf 83' lang='lat' dir='ltr'>omues</span> <span class='ocrx_word' id='word_1_183' title='bbox 183 3482 384 3592; x_wconf 67' lang='lat' dir='ltr'>Norvegos,</span> <span class='ocrx_word' id='word_1_184' title='bbox 411 3501 573 3567; x_wconf 88' lang='lat' dir='ltr'>quorum</span> <span class='ocrx_word' id='word_1_185' title='bbox 589 3493 693 3574; x_wconf 85' lang='lat' dir='ltr'>gesta</span> <span class='ocrx_word' id='word_1_186' title='bbox 706 3479 895 3546; x_wconf 85' lang='lat' dir='ltr'>memoriae</span> <span class='ocrx_word' id='word_1_187' title='bbox 911 3489 999 3544; x_wconf 89' lang='lat' dir='ltr'>sunt</span> 
     </span>
     <span class='ocr_line' id='line_1_33' title="bbox 42 3576 997 3670; baseline 0.002 -30"><span class='ocrx_word' id='word_1_188' title='bbox 42 3576 207 3665; x_wconf 78' lang='lat' dir='ltr'>prodita,</span> <span class='ocrx_word' id='word_1_189' title='bbox 238 3578 279 3644; x_wconf 90' lang='lat' dir='ltr'>in</span> <span class='ocrx_word' id='word_1_190' title='bbox 306 3578 478 3646; x_wconf 88' lang='lat' dir='ltr'>omnibus</span> <span class='ocrx_word' id='word_1_191' title='bbox 506 3579 615 3646; x_wconf 90' lang='lat' dir='ltr'>rebus</span> <span class='ocrx_word' id='word_1_192' title='bbox 644 3579 757 3670; x_wconf 80' lang='lat' dir='ltr'>longe</span> <span class='ocrx_word' id='word_1_193' title='bbox 781 3578 997 3666; x_wconf 66' lang='lat' dir='ltr'>praestabata</span> 
     </span>
     <span class='ocr_line' id='line_1_34' title="bbox 42 3676 997 3770; baseline 0.003 -32"><span class='ocrx_word' id='word_1_194' title='bbox 42 3676 200 3765; x_wconf 87' lang='lat' dir='ltr'>corporis</span> <span class='ocrx_word' id='word_1_195' title='bbox 215 3677 347 3745; x_wconf 90' lang='lat' dir='ltr'>robore</span> <span class='ocrx_word' id='word_1_196' title='bbox 359 3690 396 3745; x_wconf 90' lang='lat' dir='ltr'>et</span> <span class='ocrx_word' id='word_1_197' title='bbox 409 3677 576 3770; x_wconf 82' lang='lat' dir='ltr'>agilitate</span> <span class='ocrx_word' id='word_1_198' title='bbox 591 3681 781 3747; x_wconf 89' lang='lat' dir='ltr'>neminem</span> <span class='ocrx_word' id='word_1_199' title='bbox 796 3701 873 3744; x_wconf 91' lang='lat' dir='ltr'>non</span> <span class='ocrx_word' id='word_1_200' title='bbox 888 3697 997 3765; x_wconf 91' lang='lat' dir='ltr'>supe·</span> 
     </span>
     <span class='ocr_line' id='line_1_35' title="bbox 41 3775 998 3865; baseline 0.005 -26"><span class='ocrx_word' id='word_1_201' title='bbox 41 3775 156 3864; x_wconf 82' lang='lat' dir='ltr'>rabat,</span> <span class='ocrx_word' id='word_1_202' title='bbox 198 3799 271 3865; x_wconf 82' lang='lat' dir='ltr'>qua</span> <span class='ocrx_word' id='word_1_203' title='bbox 299 3777 344 3845; x_wconf 89' lang='lat' dir='ltr'>de</span> <span class='ocrx_word' id='word_1_204' title='bbox 379 3799 420 3844; x_wconf 92' lang='lat' dir='ltr'>re</span> <span class='ocrx_word' id='word_1_205' title='bbox 448 3779 580 3846; x_wconf 87' lang='lat' dir='ltr'>multae</span> <span class='ocrx_word' id='word_1_206' title='bbox 607 3779 834 3850; x_wconf 85' lang='lat' dir='ltr'>narrationes</span> <span class='ocrx_word' id='word_1_207' title='bbox 863 3775 998 3844; x_wconf 86' lang='lat' dir='ltr'>litteris</span> 
     </span>
     <span class='ocr_line' id='line_1_36' title="bbox 40 3875 996 3966; baseline 0.002 -28"><span class='ocrx_word' id='word_1_208' title='bbox 40 3876 215 3943; x_wconf 83' lang='lat' dir='ltr'>mandatae</span> <span class='ocrx_word' id='word_1_209' title='bbox 235 3891 341 3960; x_wconf 70' lang='lat' dir='ltr'>sunt,</span> <span class='ocrx_word' id='word_1_210' title='bbox 379 3901 473 3965; x_wconf 91' lang='lat' dir='ltr'>una,</span> <span class='ocrx_word' id='word_1_211' title='bbox 515 3877 616 3966; x_wconf 91' lang='lat' dir='ltr'>quod</span> <span class='ocrx_word' id='word_1_212' title='bbox 639 3891 740 3944; x_wconf 89' lang='lat' dir='ltr'>extra</span> <span class='ocrx_word' id='word_1_213' title='bbox 758 3879 875 3946; x_wconf 86' lang='lat' dir='ltr'>latera</span> <span class='ocrx_word' id='word_1_214' title='bbox 893 3875 996 3942; x_wconf 89' lang='lat' dir='ltr'>navis</span> 
     </span>
     <span class='ocr_line' id='line_1_37' title="bbox 39 3976 996 4070; baseline 0.001 -32"><span class='ocrx_word' id='word_1_215' title='bbox 39 3991 98 4059; x_wconf 90' lang='lat' dir='ltr'>per</span> <span class='ocrx_word' id='word_1_216' title='bbox 115 3998 239 4042; x_wconf 90' lang='lat' dir='ltr'>remos</span> <span class='ocrx_word' id='word_1_217' title='bbox 256 3977 488 4066; x_wconf 87' lang='lat' dir='ltr'>ambulabat,</span> <span class='ocrx_word' id='word_1_218' title='bbox 528 3976 607 4043; x_wconf 89' lang='lat' dir='ltr'>suis</span> <span class='ocrx_word' id='word_1_219' title='bbox 620 3977 774 4070; x_wconf 83' lang='lat' dir='ltr'>longam</span> <span class='ocrx_word' id='word_1_220' title='bbox 791 3999 922 4043; x_wconf 82' lang='lat' dir='ltr'>navem</span> <span class='ocrx_word' id='word_1_221' title='bbox 940 3997 996 4040; x_wconf 89' lang='lat' dir='ltr'>re-</span> 
     </span>
     <span class='ocr_line' id='line_1_38' title="bbox 38 4072 996 4164; baseline 0.001 -28"><span class='ocrx_word' id='word_1_222' title='bbox 38 4072 100 4138; x_wconf 89' lang='lat' dir='ltr'>mis</span> <span class='ocrx_word' id='word_1_223' title='bbox 126 4073 432 4164; x_wconf 88' lang='lat' dir='ltr'>impellentibus,</span> <span class='ocrx_word' id='word_1_224' title='bbox 473 4090 510 4144; x_wconf 88' lang='lat' dir='ltr'>et</span> <span class='ocrx_word' id='word_1_225' title='bbox 538 4076 657 4144; x_wconf 87' lang='lat' dir='ltr'>tribus</span> <span class='ocrx_word' id='word_1_226' title='bbox 679 4077 801 4144; x_wconf 72' lang='lat' dir='ltr'>simul·</span> <span class='ocrx_word' id='word_1_227' title='bbox 818 4073 996 4142; x_wconf 85' lang='lat' dir='ltr'>breviori-</span> 
     </span>
    </p>
   </div>
   <div class='ocr_carea' id='block_1_3' title="bbox 0 0 1256 4774">
    <p class='ocr_par' dir='ltr' id='par_1_5' title="bbox 0 0 1256 4774">
     <span class='ocr_line' id='line_1_39' title="bbox 0 0 1256 4774; baseline 0 6"><span class='ocrx_word' id='word_1_228' title='bbox 0 0 1256 4774; x_wconf 95' lang='lat' dir='ltr'> </span> 
     </span>
    </p>
   </div>
  </div>
 </body>
</html>
