2502 4774
278 243 366 332 130
571 257 839 292 --
931 203 933 211 ’
1080 253 1176 322 osc.

221 485 364 542 terram
379 457 604 554 escendunt,
631 465 803 555 artesque
813 485 897 532 suas
908 464 1070 560 magicas
1084 489 1177 552 exer-

223 591 308 642 cere
324 565 531 656 incipiunt,
556 565 695 654 quibus
714 564 904 656 Eyvindus
918 565 956 632 vi
967 569 1108 660 magica
1121 591 1178 658 pa-

220 670 317 741 ravit
334 667 481 760 galeam
497 667 733 734 occulentem
751 665 1086 754 adeoquedensam
1100 669 1178 740 cali·

223 769 531 865 gine'nebulam,
571 789 619 834 ne
645 766 690 833 ab
710 786 799 858 rege
824 766 981 856 ejusque
1010 768 1179 837 comitatu

224 867 390 959 conspici
403 875 564 958 possent.
594 863 690 932 Cum
703 887 790 933 vero
810 865 857 934 ad
873 865 1003 934 villam
1011 858 1178 961 Ogvalds-

222 971 305 1040 nesi
329 967 693 1058 appropinquarent,
723 989 784 1033 res
806 966 919 1059 longe
940 967 1051 1036 aliter
1075 981 1178 1058 atque

225 1069 452 1162 cogitaverat
475 1065 683 1159 Eyviudus,
719 1064 871 1150 cecidit,
904 1067 1046 1136 etenim
1068 1070 1177 1159 caligo

223 1171 424 1257 nebulosa,
450 1187 562 1258 quam
574 1167 611 1233 vi
625 1165 772 1258 magica
788 1167 980 1254 effecerat,
1006 1189 1116 1258 super
1131 1169 1178 1257 ip-

226 1294 311 1339 sum
335 1271 492 1359 ejusque
515 1266 737 1334 comitatum
761 1267 883 1353 stetit,
925 1281 1037 1357 atque
1066 1269 1178 1336 subito

226 1371 397 1440 omnium
412 1367 539 1438 oculos
550 1379 653 1436 tante
666 1367 809 1434 caecitas
818 1370 1024 1456 occupavit,
1051 1381 1094 1434 ut
1103 1391 1179 1436 ocu·

224 1471 273 1541 lis
286 1491 362 1538 non
378 1467 496 1562 magis
515 1488 630 1558 quam
646 1465 788 1537 cervice
804 1481 1019 1556 cernerent,
1046 1489 1180 1554 omnes·

225 1567 353 1662 quein
371 1567 500 1638 orbem
519 1570 812 1658 circumquaque
834 1567 942 1646 irent.
995 1568 1180 1640 Excubito-

224 1693 284 1740 res
301 1669 416 1762 regii,
443 1681 618 1761 vagantes
646 1666 870 1758 conspicati,
904 1663 1182 1738 cum‘.nescirent

226 1791 308 1863 quae
325 1782 583 1856 manusesset,
609 1765 1090 1860 remadregemdetulere,
1116 1789 1180 1858 quo

224 1887 396 1960 tempore
424 1882 555 1938 cantus
578 1867 786 1936 matutinus
811 1867 989 1936 adfinem
1016 1881 1180 1958 eratper-

226 1971 372 2040 ductus,
424 1973 504 2040 Rex
518 1988 707 2061 egressus,
732 1988 820 2036 cum
836 1965 1181 2060 Eyvindumacsuos

225 2065 400 2161 vagantes
418 2067 668 2159 conspiceret,
695 2089 779 2136 suos
790 2089 892 2134 arma
907 2067 1066 2136 induere
1073 2068 1180 2154 jussit,

225 2171 459 2262 propiusque
494 2169 711 2238 accedentes
732 2167 998 2258 contemplari,
1040 2167 1104 2258 qui
1123 2167 1181 2235 ho-

224 2272 372 2338 minum
393 2283 533 2356 essent,
561 2265 721 2358 quitum
737 2264 832 2336 mire
853 2265 1079 2338 incederent.
1128 2266 1182 2336 Illi

224 2372 324 2458 jussa
340 2370 500 2453 faciunt5
526 2365 621 2460 regii
640 2367 850 2459 Eyvindum
871 2366 1025 2438 Keldam
1041 2389 1182 2438 noscen-

224 2486 301 2558 tes,
328 2471 520 2538 universos
536 2465 927 2558 comprehenderunt,
955 2467 1181 2553 etadrillam,

227 2569 361 2642 deinde
385 2569 430 2636 ad
452 2586 585 2661 regem
612 2589 632 2634 a
656 2564 767 2636 missa
791 2568 1016 2636 redeuntem
1034 2567 1181 2652 deduxe-

224 2683 325 2740 runt.
379 2672 480 2741 Tum
496 2665 686 2760 Eyvindus
703 2669 828 2736 omnia
847 2666 891 2734 de
903 2690 969 2736 suo
986 2665 1119 2736 itinere
1131 2689 1182 2734 ex-

225 2769 369 2862 posuit,
404 2780 516 2858 atque
539 2767 712 2858 insuper,
750 2789 787 2836 se
804 2767 928 2836 animo
949 2769 1182 2853 constitutum

225 2871 415 2956 habuisse,
451 2886 581 2960 regem
605 2867 796 2958 inopinato
824 2869 1058 2958 opprimere,
1092 2891 1182 2936 eum-

228 2992 301 3061 que
319 2979 387 3038 aut
401 2985 529 3038 somno
541 2967 719 3036 obrutum
726 2967 955 3055 interficere,
978 2966 1095 3036 autin
1109 2965 1181 3043 aedi-

225 3070 295 3138 bus
316 3067 403 3138 cum¹
418 3067 591 3138 omnibus
606 3065 680 3137 suis
696 3089 943 3137 concremare.
995 3069 1076 3138 Rex
1093 3067 1180 3134 infit:

226 3189 328 3238 nunc
348 3182 501 3238 eventus
515 3167 652 3256 docuit,
677 3165 849 3258 vosipsos
864 3166 1038 3236 incidisse
1054 3168 1094 3238 in
1104 3189 1182 3236 eun-

227 3267 315 3338 dem
334 3269 515 3359 laqueum
530 3283 596 3336 aut
612 3265 833 3358 decipulam,
852 3263 986 3358 quibus
1001 3267 1090 3337 aiios
1103 3267 1182 3335 irre-

225 3369 420 3456 tivissetis,
447 3365 520 3436 nisi
534 3367 735 3436 obstitisset
753 3370 911 3456 caecitas,
939 3382 1073 3458 quatu
1088 3381 1124 3436 et
1133 3361 1183 3454 tui

227 3465 445 3560 captiestis3
471 3489 557 3536 vero
576 3489 725 3559 quoque
740 3465 813 3538 fuit
827 3469 959 3554 simile,
986 3467 1182 3554 misericor

228 3566 329 3637 diam
350 3563 410 3636 dei
435 3565 720 3656 omnipotentie,
747 3569 1009 3656 auxiliumque
1025 3571 1104 3655 ejus
1121 3565 1183 3652 eri

226 3671 391 3738 rniorum
407 3663 646 3762 angelorum,
674 3688 836 3756 qnorum
853 3669 1027 3736 custodie
1047 3683 1083 3736 et
1098 3679 1183 3735 tute·

179 3809 183 3820 ·
225 3767 272 3836 ise
303 3769 490 3858 populum
513 3787 625 3836 suum
654 3769 872 3856 committit,
912 3766 999 3857 plus
1021 3768 1180 3855 valitura,

228 3888 340 3958 quam
361 3880 444 3934 tuas
460 3867 621 3960 magicas
638 3880 754 3960 artes,
782 3883 847 3936 aut
862 3867 1104 3938 maledictum
1118 3864 1183 3934 dia·

224 3967 303 4038 boli
317 3965 513 4057 nuntium,
541 3965 720 4055 Odinem,
748 3967 813 4059 qui
830 3967 914 4036 ideo
929 3969 1182 4057 tempestivum

227 4091 403 4163 somnum
418 4065 591 4154 jucundis
606 4065 743 4138 fabulis
761 4065 867 4137 nobis
885 4065 1066 4158 tardavit,
1089 4079 1130 4140 ut
1145 4084 1181 4134 eo
