2502 4774
310 245 397 335 126
508 261 511 266 '
591 247 877 344 m&
1100 257 1202 346 toto.

247 495 358 548 mum
374 489 596 570 persecutus
609 489 683 564 est,
707 475 768 546 illi
782 499 870 546 vero
891 495 1022 568 regem
1039 477 1204 546 conveni<-

246 595 363 666 enm,
389 578 562 646 mandata
571 577 731 672 Eyvindi
740 577 1101 671 singulaqueverbo‚
1125 599 1200 666 pro-

244 693 291 748 ut
312 701 373 746 eos
400 680 577 767 jusserat,
611 693 813 768 exponunt
878 681 960 749 Rex
984 698 1083 770 aegre
1110 679 1198 764 tulit,

246 781 348 870 quod
366 781 554 871 Eyvindns
569 793 742 847 mortuus
756 801 832 848 non
851 793 948 866 erat,
973 778 1139 868 dixitque
1153 777 1200 844 fo-

243 904 305 967 re,
333 879 364 946 si
383 903 472 948 eum
491 881 607 948 altera
627 881 709 948 vioe
725 901 857 972 capere
870 891 1014 970 possm,
1040 891 1085 948 ut
1098 879 1199 970 glori-

243 981 300 1048 ari
319 1003 396 1048 non
415 1001 507 1071 opus
521 981 689 1051 haberet.

300 1149 503 1246 [Auctoris
530 1153 576 1221 de
601 1147 752 1222 artibus
778 1149 926 1224 diaboli
951 1145 1157 1244 cogitatio]

343 1285 430 1376 Cap.
450 1291 522 1357 196.
574 1289 656 1358 Rex
665 1285 821 1374 Olenus,
847 1284 969 1353 missis
983 1305 1053 1374 per
1064 1283 1197 1354 Vikiarn

240 1386 405 1475 nuntiis,
442 1387 566 1476 copias
581 1387 743 1476 imperat
758 1385 830 1454 hac
847 1397 971 1452 aestate
988 1384 1196 1452 inboreales'

239 1487 351 1578 regni
374 1499 498 1577 partes
531 1486 787 1570 deducendam
819 1487 977 1554 ineunte
997 1505 1106 1572 vere,
1142 1503 1196 1550 rex

239 1587 322 1676 ipse
350 1601 387 1654 et
407 1585 619 1654 aulicorum
636 1609 745 1680 grex,
781 1585 925 1658 eVikia
950 1605 1136 1677 egressus,
1163 1583 1196 1651 in

239 1687 388 1778 praediis
406 1686 610 1772 majoribus
627 1687 794 1756 convivia
811 1686 921 1774 obiit,
946 1685 1036 1754 inde
1054 1687 1196 1754 boream

238 1807 368 1856 versus
385 1787 425 1856 in
439 1788 561 1878 Agdas
577 1803 614 1856 et
626 1785 1103 1880 Rogalandiamtendebat‚
1127 1807 1195 1852 ver*

239 1887 416 1980 gente'ad
436 1887 550 1956 finem
568 1887 702 1974 jejunii
718 1885 1049 1980 quadragesimalis
1058 1900 1195 1973 tempo

237 2009 300 2071 τες
325 1987 406 2076 ipsa
421 1989 605 2076 paschatis
621 1989 748 2082 vigilia
763 1988 809 2056 ad
827 1979 1146 2079 Ogdvaldsnesum
1162 1985 1194 2051 in

237 2087 392 2157 Karmta
422 2089 587 2178 appulit,
635 2087 704 2156 ubi
733 2089 948 2178 convivium
974 2087 1146 2176 paschale
1166 2083 1195 2149 ei

238 2191 459 2278 apparatum
473 2203 561 2257 erat.
616 2189 744 2280 Thyra
761 2189 910 2281 regina,
936 2184 1195 2280 Sigurdusepl

104 2379 109 2396 ‚
206 2346 208 2352 .
237 2305 372 2379 scopos
386 2289 574 2380 multique
590 2289 654 2358 alii
671 2303 879 2381 magnates,
906 2288 953 2356 ad
967 2287 1194 2375 trecentique

235 2387 325 2475 tiri,
366 2389 535 2459 comitati
555 2411 686 2482 regem
707 2389 875 2457 inerunt.
934 2387 1004 2458 Sed
1028 2382 1195 2476 quemad

234 2489 508 2557 modum'fama
525 2491 747 2578 percelebre
755 2503 811 2557 est
820 2489 992 2578 verisque
1008 2507 1195 2578 argumen-

233 2591 282 2656 tis
304 2589 584 2678 confirmatum,
622 2591 723 2680 quod
743 2604 945 2680 ¹postquam
965 2589 1194 2676 omnipotens

236 2689 325 2758 deus
358 2689 546 2756 excelsum
572 2691 792 2760 satellitium
822 2689 1030 2759 coelestium
1054 2688 1191 2771 virium,

232 2787 449 2857 ministeriis
469 2788 548 2856 suis
562 2789 808 2879 destinatum,
835 2803 1043 2872 creaverat3
1066 2785 1192 2856 invidia

236 2901 273 2956 et
298 2889 470 2978 superbia
491 2893 687 2982 angelum,
716 2891 782 2983 qui
807 2891 950 2959 ceteris
966 2887 1194 2980 praestantior

234 2987 313 3057 e'rat
333 2989 470 3076 factus,
505 3013 728 3082 omnesque,
764 2990 830 3083 qui
851 2993 892 3060 in
913 2989 1124 3058 rebellione
1138 2985 1191 3052 aa

203 3163 205 3172 ,
231 3087 357 3158 uersus
381 3103 596 3160 creatorem⁵
611 3112 698 3161 cum
715 3113 758 3160 eo
776 3103 1061 3176 consenserant,
1088 3111 1109 3158 e
1128 3087 1190 3154 cel⁴

231 3187 380 3258 sissimo
399 3191 543 3260 honore
563 3207 600 3260 et
616 3191 867 3284 beatitudine,
903 3210 985 3282 quae
1003 3189 1076 3280 ipsi
1092 3211 1111 3256 a
1129 3188 1189 3256 deo

229 3291 370 3359 tributo
387 3305 492 3379 sunt,
521 3292 673 3378 dejecit3
701 3308 738 3361 et
753 3307 797 3360 ut
805 3292 877 3361 -ille
895 3292 1001 3382 prius
1021 3289 1186 3358 omnibus

230 3391 371 3480 angelis
385 3391 425 3460 in
444 3378 647 3460 celsissima
663 3393 964 3486 gloriapulcrior
981 3406 1018 3460 et
1033 3387 1188 3458 venusti·

231 3509 272 3558 or
287 3490 379 3578 fuit,
418 3491 470 3558 sic
495 3501 580 3560 tum
602 3492 720 3562 factus
739 3493 814 3582 est,'
837 3493 953 3585 atque
965 3497 1113 3580 semper
1133 3511 1186 3556 ex·

227 3590 315 3659 inde
342 3606 396 3659 est
413 3592 561 3682 turpior
586 3604 624 3661 et
647 3593 815 3664 odiosior
838 3594 1012 3678 omnibus
1036 3591 1186 3660 diabolis

227 3691 269 3759 in
283 3692 414 3760 infimo
431 3705 598 3783 tarta1·o,'
624 3709 727 3778 tanta
746 3694 889 3764 malitia
908 3706 946 3762 et
961 3691 1100 3760 invidia
1115 3692 1185 3780 ple·

227 3813 318 3879 nus,
351 3805 394 3861 ut
417 3805 455 3861 et
472 3794 637 3863 ministri
650 3809 689 3862 et
705 3795 831 3864 nuntii
849 3795 926 3882 sui5
961 3804 1005 3861 ut
1021 3791 1185 3860 omnium

225 3893 390 3961 maxime
409 3893 450 3963 in
475 3886 520 3964 id
538 3895 775 3984 incumbat‚·
796 3909 838 3966 ut
865 3893 1022 3986 quodvis
1050 3893 1190 3976 bonum·

226 3995 426 4064 eonsilium
452 3997 659 4086 opprimat,
695 4020 867 4087 saepeque
882 3998 984 4065 virus
1002 4018 1077 4062 suae
1093 4007 1184 4062 astu·

153 4179 155 4184 Ι
223 4095 288 4164 tiae
309 4095 475 4165 humano
493 4097 624 4190 generi
641 4097 835 4189 propinat,
867 4099 934 4168 sub
953 4096 1055 4165 varia
1069 4093 1183 4184 specie
