2508 4766
286 225 380 325 2170
568 231 838 314 ffi-——g
1081 249 1143 316 ιιι
1158 252 1196 320 ιι

226 481 304 534 tra:
327 459 436 531 ‘Inde
456 457 618 549 'ordior,'
651 458 820 529 domine!
861 461 962 552 quod
982 461 1065 530 baec
1082 475 1194 553 terra,

227 587 342 657 quam
363 585 466 631 nunc
489 560 820 652 praetervehimur,
857 563 989 652 priscis
1014 565 1193 654 tempori-

226 667 342 735 busa
368 662 581 754 gigantibus
611 661 833 754 quibusdam
866 663 1073 732 inhabitata
1098 665 1194 748 bait3

226 765 289 833 isti
311 785 400 831 vero
429 761 600 854 gigantes
622 784 710 830 casu
733 762 859 830 nescio
894 787 968 854 quo
996 766 1194 855 repentina

213 877 349 934 morte
376 862 591 954 perierunt,
631 862 690 930 ita*
707 875 751 929 ut
769 883 888 952 prope
907 885 1037 933 omnes
1063 865 1194 934 interi·

222 977 327 1051 rent,
352 983 477 1052 neque
493 962 564 1030 ulli
580 969 718 1054 praeter
735 961 826 1030 duas
837 963 1002 1032 feminas
1016 966 1193 1055 supersti-

221 1079 282 1133 tes
296 1075 430 1132 essent.
483 1063 632 1133 Deinde
646 1061 828 1130 homines·
838 1085 885 1131 ex
894 1063 1110 1156 regionibus
1119 1065 1193 1133 ori-

221 1163 411 1233 entalibus
425 1163 524 1232 banc
540 1177 682 1231 terram
689 1163 856 1231 incolere
869 1177 1074 1254 coepemnt,
1099 1187 1193 1256 quos

220 1266 397 1357 ingentes
421 1263 495 1330 illae
516 1263 667 1332 feminae
692 1283 873 1355 magnum
897 1263 940 1332 in
961 1265 1117 1334 modum
1134 1265 1193 1332 in·-

222 1363 407 1433 festarunt
424 1375 463 1430 et
474 1363 745 1454 inquietarunt,
759 1363 1106 1454 resquebominum
1118 1375 1192 1432 ter·

220 1463 603 1534 'raminhabitantium
619 1485 663 1531 eo
680 1485 799 1554 usque
813 1462 1047 1556 afflixerunt,
1073 1465 1192 1533 donec

221 1561 357 1634 'incolae
372 1564 411 1632 id
426 1563 574 1631 consilii
589 1572 790 1654 ceperunt,
814 1571 859 1631 ut
878 1563 1020 1633 hancce
1035 1513 1191 1633 bubram

219 1665 377 1732 barbam
394 1664 526 1732 auxilii
541 1680 631 1758 ergo
650 1665 889 1746 invocarent,
915 1673 986 1756 ego
999 1671 1086 1733 'vero
1099 1667 1191 1733 rnal-

218 1767 326 1835 ie'um
342 1765 484 1854 arripui
501 1785 647 1852 meum,
671 1763 879 1854 ambasque
893 1764 939 1832 ad
959 1785 1094 1834 necem
1107 1771 1192 1856 per·-

221 1865 340 1948 russi;
372 1860 487 1950 huius
512 1875 641 1931 autem
662 1877 773 1930 terrae
787 1863 923 1932 incolas
941 1881 1030 1933 eum
1042 1877 1193 1934 morem

218 1973 448 2052 tenuerunt,
485 1976 528 2031 ut
550 1985 613 2054 me
637 1964 768 2031 auxilii
791 1983 881 2056 ergo
903 1963 1136 2054 inrorarint,
1159 1965 1192 2032 'si

219 2065 329 2150 'cujus
345 2067 437 2156 opus
452 2064 645 2151 haberent,
663 2063 783 2156 donec
795 2064 951 2152 tu,·rex!
962 2065 1192 2134 omnemne

221 2164 362 2233 amicos
378 2169 483 2233 m'eos
503 2164 872 2261 nuncertstirparisti
883 2165 1022 2254 ,³'quod'
1034 2176 1123 2234 sane
1131 2167 1191 2233 ate

221 2265 325 2333 tione
340 2264 496 2359 dignum
518 2277 625 2333 esset.
680 2263 777 2332 Cum
792 2263 1055 2355 hecbriioeret,
1082 2267 1193 2334 vultu

200 2365 260 2435 -in
285 2365 404 2434 risum
427 2377 621 2453 contorto,
649 2364 695 2432 ad
715 2384 845 2456 regem
858 2365 1047 2454 respexit,
1075 2379 1191 2456 atque

218 2465 355 2534 'eodem
376 2477 568 2534 momento
585 2487 624 2532 se
650 2487 670 2530 e
688 2465 773 2532 navi
785 2471 893 2532 tanta
911 2465 1102 2534 celeritate
1126 2486 1190 2534 ex-

217 2565 354 2651 cussit,
381 2583 423 2631 ac
441 2563 472 2630 si
485 2566 607 2632 telum
624 2564 720 2632 mari
733 2563 969 2652 injiceretur,
992 2583 1192 2658 nunquam

216 2663 293 2732 iilis
307 2676 435 2753 postea
452 2663 563 2731 visus.
616 2665 718 2734 Tum
735 2687 801 2730 rex
818 2665 966 2732 adsuos
983 2691 991 2732 :
1018 2681 1105 2734 'ecce
1122 2689 1191 2734 au-

216 2763 363 2838 'daciam
380 2761 538 2850 diaboli,
565 2763 631 2851 qui
647 2764 773 2856 palam
794 2764 837 2832 in
857 2777 1100 2855 conspectum
1120 2786 1190 2833 no-

216 2877 340 2932 strum
357 2862 482 2931 lucido
501 2863 560 2931 die
573 2863 702 2931 venire
727 2863 966 2950 sustinuerit,
1001 2887 1046 2933 ex
1059 2887 1132 2955 qua
1149 2889 1190 2932 re

216 2977 389 3053 apparet,
427 2977 565 3054 quanta
590 2963 766 3031 cautione
789 2963 1010 3034 christianos
1036 2985 1190 3055 semper

215 3064 460 3154 uti'oporteat
475 3064 648 3132 adversus
664 3063 817 3132 iusidias
833 3063 974 3154 impuri
984 3065 1092 3134 illius
1111 3066 1189 3156 spi·

214 3163 329 3252 ritus,
358 3164 422 3254 qui
437 3185 584 3253 semper
596 3163 754 3251 obsidet,
770 3175 822 3230 ut
839 3183 958 3256 genus
973 3165 1189 3234 humanum

216 3265 312 3332 ciam
332 3266 459 3352 palam
483 3261 663 3352 decipiat,
704 3277 742 3330 et
763 3263 902 3330 bonam
918 3261 1055 3358 agendi
1071 3264 1188 3333 ratio·

215 3385 304 3433 nem
319 3363 483 3431 bominis
509 3363 653 3430 malitia
675 3373 741 3430 sua
761 3375 799 3430 et
818 3362 956 3432 invidia
969 3352 1187 3454 pervertat,

215 3461 349 3530 'deinde
366 3483 454 3530 vero
470 3483 581 3550 eum,
606 3462 671 3551 qui
684 3463 984 3552 persvasionibus
1004 3479 1042 3532 et
1056 3463 1187 3534 iliece-

213 3561 339 3630 bris
308 3583 388 3646 eJus
405 3562 640 3651 obsequitur,
666 3584 786 3652 seque
789 3575 915 3630 totum
927 3564 1028 3631 male
1038 3565 1186 3656 agendo

213 3663 295 3746 ejus
312 3660 489 3752 potestati
510 3661 644 3750 tradit,
672 3665 716 3732 ad
730 3675 886 3730 aeternos
897 3655 1082 3732 eruciatus
1099 3687 1188 3754 cap-

213 3761 333 3854 tivum
347 3770 475 3829 seeum
498 3761 611 3830 ducit.
664 3763 753 3832 Ideo
770 3784 836 3830 nos
849 3773 1008 3853 semper
1017 3763 1187 3831 victoriae

214 3859 320 3954 signo
334 3875 470 3929 sanctae
490 3851 609 3930 crucis
628 3861 696 3932 deo
711 3876 838 3930 nostro
859 3879 1067 3949 sacremus,
1094 3887 1188 3932 nam

213 3961 364 4054 signum
380 3959 519 4049 erucis,
537 3953 678 4030 firma
668 3987 709 4032 m
728 3963 842 4030 deum
859 3964 945 4030 fide
948 3964 1102 4052 iactent,
1123 3977 1187 4034 tu-

212 4062 401 4134 tissimum
420 4073 479 4130 est
488 4061 714 4152 praesidium
727 4076 776 4132 et
770 4061 1047 4155 tegimentum
1063 4063 1187 4134 animi
