2550 4772
294 203 353 290 32
584 222 853 286 ΞΕ.
1092 221 1197 306 teuc.

234 431 392 522 ejusque
405 427 601 522 ingenium
613 431 666 500 ita
681 430 788 519 nori,
805 442 867 500 'ut
881 452 961 502 non
969 434 1130 526 amplius
1141 457 1198 504 ve·

233 558 334 620 rear,
367 555 416 600 ne
435 531 531 598 mihi
546 532 696 600 insidias
712 546 828 622 paret.
889 537 972 602 lam
994 549 1199 604 autumnus

236 637 322 704 exit.
374 635 453 702 Rex
474 633 608 700 certior
623 635 666 700 fit
680 633 873 704 Thrandos
899 634 1054 704 ineunte
1077 634 1199 706 hieme

233 734 401 828 ingentia
414 731 592 802 sacrificia
606 735 833 820 instaurare,
861 733 1028 823 deosque
1047 755 1199 826 magno-

233 858 324 928 pere
357 838 549 920 invocare,
594 858 645 902 ne
670 833 893 924 religionem
924 857 946 902 a
967 854 1059 928 rege
1086 835 1197 905 Olavo

232 933 469 1029 praedicatam
485 934 676 1002 introduci
689 947 918 1024 paterentur.

231 1108 316 1180 Rex
337 1104 480 1173 Olovus
496 1101 718 1196 religionem
733 1093 992 1174 'christianam
1005 1101 1196 1174 Thrandr'e

604 1203 811 1296 praedicat.

334 1335 422 1426 Cap.
438 1342 509 1408 162.
562 1339 666 1408 Nova
682 1336 808 1404 hieme
824 1357 892 1404 rex
907 1335 1066 1423 Olavus‚
1091 1334 1200 1404 missa

232 1461 301 1531 per
314 1451 439 1504 totum
447 1435 774 1508 Thrandheimum
788 1448 940 1523 tessera,
954 1435 1107 1504 comitia
1117 1449 1198 1504 octo

232 1536 511 1631 provinciarum
519 1539 656 1605 Frostae
668 1535 812 1604 indixit.
838 1536 1082 1623 Colonivero‚
1096 1557 1198 1604 verso

232 1643 275 1710 in
291 1639 466 1729 sagittam
480 1635 573 1704 belli
587 1635 829 1704 comitiorum
845 1635 1029 1728 symbolo,
1054 1636 1199 1704 univer·

234 1762 292 1827 sos
308 1739 448 1806 liberos
465 1749 503 1804 et
514 1758 637 1806 servos
651 1755 720 1824 per
737 1749 862 1804 totum
873 1735 1199 1809 Thraudheimum

235 1849 451 1923 evocarunt,
478 1849 515 1904 et
531 1843 619 1904 'cum
628 1857 694 1904 rex
707 1835 748 1904 in
761 1835 924 1916 comitiis
936 1833 1093 1926 adesset,
1119 1835 1199 1904 ade-

234 1953 294 2008 rat
309 1934 514 2004 multitudo
527 1935 666 2027 plebis,
697 1937 874 2026 panoplia
890 1949 1044 2006 armata.
1106 1935 1198 2004 Con·

233 2037 374 2108 stitutis
392 2035 570 2124 comitiis,
595 2059 662 2104 rex
678 2036 905 2129 'religionem
919 2036 1199 2126 colonispraedi-

234 2140 345 2227 pavia
369 2137 433 2206 sed
447 2159 534 2206 cum
546 2137 652 2204 brevi
665 2138 779 2206 verba
790 2136 950 2225 fecisset,
976 2137 1101 2206 coloni
1116 2158 1199 2206 con-

235 2242 435 2310 clamantes
457 2259 547 2306 eum
562 2249 685 2306 tacere
708 2227 921 2322 jusseruntz'
955 2232 1135 2326 ”quodni
1150 2235 1167 2304 f
1184 2272 1199 2286 -

235 2341 305 2428 cis,
334 2336 567 2429 inquientes,
600 2338 663 2404 hic
686 2337 812 2407 statim
835 2337 875 2404 in
898 2336 1058 2406 comitiis
1079 2350 1119 2408 te
1139 2358 1199 2429 ag-

234 2439 351 2533 gressi
365 2451 431 2506 aut
442 2437 713 2506 interficiemus
726 2449 794 2504 aut
807 2456 925 2528 regno
949 2438 1198 2527 expellemus3
1254 2469 1255 2504 ς

233 2561 349 2629 quam
374 2537 631 2606 conditionem
651 2535 811 2607 Hakono
837 2537 934 2629 regi,
970 2537 1201 2618 ,adalsteinis
1254 2549 1255 2554 ’

233 2640 407 2725 alumno,
442 2661 531 2706 cum
555 2636 658 2716 idem
680 2659 703 2704 a
720 2635 829 2706 nobis
850 2637 1079 2728 postularet,
1111 2636 1199 2706 feci-

232 2762 336 2826 musq
360 2738 425 2828 qui
439 2760 526 2812 cum
540 2737 812 2826 obsequentem
827 2757 867 2804 se
881 2737 989 2806 nobis
1002 2739 1197 2828 praeberet,

231 2837 353 2908 loedus
370 2839 468 2925 inter
481 2857 548 2906 nos
557 2837 658 2928 pacti
673 2859 815 2925 sumus,
828 2835 943 2928 idque
957 2838 1111 2930 utrique
1125 2837 1198 2908 sin·

233 2961 318 3009 cera
333 2939 405 3008 fide
420 2931 657 3018 servavimus.
696 2940 716 3007 J
717 2959 777 3005 am
791 2959 878 3010 vero
891 2951 1011 3009 noste
1023 2961 1101 3008 non
1115 2939 1197 3028 plu·

232 3041 284 3108 ris
301 3038 470 3126 facimus,
498 3061 614 3129 quam
627 3037 751 3124 illum,
777 3061 895 3127 quare
911 3061 954 3108 ea
970 3038 1043 3108 tibi
1057 3038 1197 3129 optima

231 3139 349 3210 fuerit
372 3141 487 3228 rati0‚
519 3153 563 3206 ut
588 3137 723 3227 optimi
745 3137 849 3206 illius
871 3138 1051 3229 principis
1075 3162 1196 3208 exem·

231 3243 341 3332 plum
350 3236 550 3331 sequaris.''
596 3241 676 3308 Rex
692 3236 841 3325 olavus,
859 3261 945 3306 cum
953 3237 1124 3308 furorem
1140 3262 1196 3308 co·

231 3344 412 3412 lonorum
425 3339 748 3425 animadverteret,
760 3336 977 3430 intelligens
990 3353 1110 3408 tantas
1119 3363 1196 3410 esse
1209 3393 1211 3398 .

232 3441 538 3518 adversariorum
555 3435 695 3527 copias,
726 3450 771 3504 ut
785 3439 957 3508 resistere
972 3463 1049 3508 non
1060 3453 1195 3530 posset,
1217 3499 1219 3506 .

232 3541 444 3617 orationem
456 3539 502 3610 ad
514 3536 805 3608 reconciliandos
818 3539 1040 3608 colonorum
1054 3539 1197 3609 animos

232 3641 395 3729 deflexit,
423 3640 565 3710 dicens:
592 3637 776 3728 Equidem
793 3638 938 3708 bellum
953 3661 1042 3708 cum
1058 3641 1197 3710 colonis

232 3763 363 3837 gerere
386 3743 495 3828 nolo,
546 3759 711 3827 memor,
764 3761 784 3806 a
812 3739 1096 3829 quibusinitiis
1122 3762 1194 3826 vos,

155 3871 158 3880 ·
234 3841 422 3926 Thrandil
451 3854 612 3910 vestram
627 3839 668 3906 in
682 3861 743 3906 me
759 3839 1061 3926 benevolentiam
1076 3840 1194 3932 auspi·

233 3943 430 4031 parisitis,
471 3962 560 4010 cum
585 3962 666 4026 me,
707 3938 882 4030 ignotum
906 3938 1028 4028 vobis,
1066 3962 1194 4034 regem

232 4040 528 4137 pressistisetad
541 4039 797 4146 principatum
815 4038 931 4126 hujus
964 4041 1071 4134 regni
1091 4063 1192 4113 evex-
