2502 4774
85 295 223 364 888888
233 296 268 358 8.
443 297 711 356 ...ηε-..κ
904 274 992 373 109

109 512 191 582 Rex
212 507 357 580 018888
382 500 560 618 nuntium
577 501 909 694 Ξῗὶιδίἕαιιιηᾱο
926 505 1030 578 Bre—
1050 541 1053 548 ·

456 615 570 674 818888
633 628 678 672 ιο.

182 736 271 828 Cap.
288 743 357 810 187.
394 741 520 814 ¹Nunc
534 759 599 825 eo,
626 734 727 805 unde
751 735 911 806 devertit
928 763 1054 810 narra·
1121 767 1130 778 ‘

83 837 155 926 tio,
185 837 442 925 redeundum,
469 835 569 928 quod
582 859 647 905 rex
658 836 794 905 Olavus
807 841 990 933 Tryggvii
1009 842 1052 910 fi-

81 939 153 1007 lius
174 937 264 1006 duas
282 937 428 1006 hiemes
446 937 486 1006 in
508 937 695 1030 Norvegia
722 951 868 1030 egerat,
906 954 943 1007 et
967 961 1053 1030 pro·

86 1037 185 1106 xime
200 1039 324 1128 elapsa
337 1038 464 1106 hieme
474 1035 802 1108 Thrandlreimurn
823 1037 869 1106 ad
884 1039 1056 1109 christia*

82 1138 245 1206 nismum
269 1149 511 1207 converterat.
574 1137 794 1228 Insequenti
820 1159 926 1228 vere,
972 1163 1050 1230 rex,

82 1237 223 1306 nuntiis
248 1235 290 1307 in
313 1240 480 1331 Faereyas
504 1237 646 1326 missis,
691 1235 941 1329 Sigmundum
964 1228 1051 1309 Bre-

82 1339 186 1406 steris
197 1334 320 1406 filium
338 1337 384 1407 ad
401 1361 440 1406 se
456 1338 662 1426 arcessivit,
698 1337 831 1406 additis
845 1340 1049 1429 promissis,

81 1440 148 1506 hac
172 1437 406 1528 profectione
424 1433 459 1506 ei
475 1437 661 1506 honorem
684 1455 939 1527 accessurum,
974 1440 1052 1508 fac-
1070 1443 1072 1456 '

80 1552 343 1629 tutumquese,
369 1538 592 1607 utmaximae
607 1538 707 1605 inter
716 1539 743 1606 F
745 1559 951 1630 aereyenses
966 1561 1052 1608 auc*

81 1639 239 1706 totitatis
260 1639 317 1708 vir
337 1639 528 1726 evaderet,
568 1637 659 1706 siin
684 1636 894 1706 aulicorum
918 1662 1052 1708 nume*

81 1751 165 1808 rum
177 1739 297 1830 recipi
315 1739 440 1808 881188.
488 1743 545 1828 *Ea
565 1752 692 1807 aestate
710 1736 1050 1831 Stafner-Thorgil-

82 1839 126 1905 s'is
141 1839 259 1928 111188,
300 1861 414 1930 quern
430 1863 496 1908 rex
517 1839 710 1930 superiore
735 1851 862 1906 aestate
878 1837 1050 1908 1818188-

82 1939 178 2008 diam
193 1939 367 2029 miserat,
393 1951 436 2007 ut
452 1961 564 2030 supra
582 1952 833 2007 memoratum
850 1952 923 2027 est,
947 1961 1051 2009 reve·

80 2039 145 2128 nit,
171 2061 285 2129 quem
304 2063 371 2108 rex
386 2061 532 2108 summa
557 2039 734 2107 comitate
756 2039 913 2128 excepit.
952 2039 1049 2108 stef-

80 2161 146 2206 ner
164 2139 263 2207 inter
280 2140 420 2208 aulicos
437 2139 535 2232 regis
551 2153 717 2206 versatus
735 2155 803 2226 est,
830 2138 941 2228 eique
962 2161 1050 2209 vera

81 2237 124 2306 de
139 2238 372 2330 profectione
390 2261 455 2307 888
476 2237 624 2326 retulit,
650 2261 762 2327 quarn
778 2252 928 2330 gravate
945 2261 1049 2308 man*

81 2337 161 2406 data
185 2339 264 2424 ejus
294 2341 338 2408 ab
363 2338 520 2408 Islandis
544 2351 697 2428 excepta
720 2336 898 2424 fuissent,
934 2361 1049 2427 seque

83 2449 242 2528 putare,
272 2440 375 2508 haud
399 2440 479 2507 8188
494 2458 629 2530 magna
647 2435 866 2506 difficultate
881 2438 1049 2508 Islandos

80 2538 124 2606 ad
149 2539 468 2609 christianismum
485 2537 768 2628 traduciposse.

100 2707 185 2780 Rex
211 2708 352 2780 olavus
385 2705 713 2801 Thangbrandum
741 2702 1047 2780 1818188811888.

496 2809 628 2877 mittit.

155 2923 266 3036 'Cap
294 2947 361 3012 188.
430 2939 511 3011 Rex
549 2935 686 3008 018888
727 2937 1048 3032 Thangbrandunt

78 3040 338 3132 presbyterum
347 3033 416 3108 aedi
436 3058 567 3126 sacrae,
595 3061 677 3128 quaa
694 3040 864 3111 Mestrioe
882 3051 978 3126 erat,
1004 3051 1049 3107 ut

80 3161 190 3229 supra
208 3139 442 3228 dictumest,
466 3139 704 3230 praefecerat,
731 3141 978 3229 iusseratque,
1005 3153 1050 3206 ut

77 3238 260 3328 homines,
289 3240 353 3330 qui
364 3239 404 3308 in
414 3238 555 3311 Hordia
565 3237 677 3310 iidem
688 3239 913 3329 reciperent,
940 3259 1049 3327 quos-

79 3361 148 3427 que
170 3353 255 3408 ante
272 3339 369 3432 regis
386 3339 429 3432 in
452 3339 561 3434 regni
575 3353 700 3431 partes
719 3337 889 3408 boreales
904 3337 1049 3407 abitum

77 3436 255 3528 baptizari
279 3461 355 3507 non
379 3439 560 3528 iicuerat,
593 3461 696 3510 sacro
722 3439 826 3508 fonte
856 3439 1046 3507 lustraret.

79 3535 175 3606 Cum
200 3561 287 3608 vero
302 3539 603 3634 'Thangbrandus
626 3537 850 3610 liberalioris
877 3549 972 3607 esset
992 3538 1048 3607 in-

78 3637 197 3728 genii,
235 3657 500 3732 magnumque*
517 3661 647 3710 secum
671 3643 828 3710 haberet
848 3638 1050 3709 hominum

75 3760 298 3828 numerum,
326 3753 417 3808 etse
434 3761 595 3832 suosque
610 3743 713 3810 laute
729 3749 926 3825 tractaret,
960 3737 1050 3806 vici·

76 3837 114 3905 ni
138 3851 268 3909 autern
296 3835 494 3932 optimates
517 3840 669 3933 populi,
703 3839 745 3909 18
763 3851 867 3908 88888
887 3837 961 3906 fide
987 3836 1049 3906 ad·

154 4021 312 4106 8888881888,
355 4037 508 4092 rudentibus
527 4025 685 4092 1881888888.
713 4023 746 4090 'Bi
764 4045 822 4091 'vox
846 4034 922 4088 dubii
939 4031 1049 4104 ‘signifi‘

154 4139 234 4180 mrum
