2502 4774
334 285 429 386 '100
636 315 903 356 --
1144 307 1245 376 toto.

283 543 391 598 trum
408 521 521 592 'valde
545 532 721 592 ornatum
747 533 847 611 erat,
875 519 1140 616 armillamque
1158 547 1246 594 crae

281 648 362 696 sam
376 625 418 695 in
435 622 588 692 brachio
603 622 745 690 habuit.
800 625 953 714 Satrapa
969 645 1125 716 surgens
1139 649 1245 696 annu·

280 727 363 797 lum
388 722 637 815 apprehendit
658 721 886 814 brachioque
918 723 1026 816 (deae)
1057 725 1243 794 detrahere

170 851 172 856 ¹
283 838 449 896 conatur.
511 823 597 893 Visa
615 844 703 892 vero
719 822 925 916 Sigmuudo
942 837 998 891 est
1017 846 1177 916 carpum
1192 825 1242 894 ad-

282 927 429 996 ducere.
482 921 766 1013 Satrapafatur:
793 921 896 991 haud
911 923 1194 1014 propitiamtibi
1207 949 1240 992 se

280 1027 440 1119 praebet,
476 1019 699 1116 Sigmunde!
725 1022 948 1114 nescioque,
982 1045 1030 1091 au
1044 1036 1084 1092 te
1106 1047 1192 1092 cum
1207 1049 1241 1093 ea

198 1187 200 1192 .
279 1129 322 1197 in
338 1125 498 1220 gratiam
513 1118 693 1192 reducere
709 1139 865 1214 queam;
891 1119 1005 1210 hujus
1019 1147 1108 1192 vero
1127 1125 1182 1192 rei
1194 1125 1240 1192 in·

281 1227 424 1296 dicium
441 1237 517 1312 est,
544 1219 586 1311 si,
613 1241 727 1314 quem
741 1217 894 1291 brachio
916 1237 1047 1318 gestat,
1069 1219 1240 1294 annulim

279 1325 476 1398 nobiscum
485 1323 761 1392 communicare
771 1323 871 1391 velit.
880 1327 1239 1416 Tumsatrapa,mul·

279 1443 319 1496 to
335 1439 459 1495 sumto
475 1437 630 1516 argento
646 1423 729 1491 etin
743 1443 894 1491 scamno
912 1421 1180 1515 apposito,ipse
1190 1423 1238 1492 de·

278 1523 718 1614 nuoseinpavimentum
727 1521 1238 1616 prostravitsigmundusaoi·

279 1621 500 1713 madvertit,
529 1623 670 1692 eumin
684 1623 859 1692 lacrimas
874 1623 1035 1708 effundi,
1064 1647 1154 1692 cum
1163 1647 1237 1693 vero

280 1725 519 1812 surrexisset,
547 1723 731 1792 annulum
750 1720 1014 1813 apprehendit,
1055 1747 1170 1814 quem
1185 1725 1238 1792 illa

278 1848 395 1896 manu
432 1824 583 1893 dimisit.
659 1822 812 1912 Satrapa
837 1823 1022 1892 annulum
1044 1823 1237 1917 Sigmundo

278 1925 433 1995 tradidit
449 1938 487 1991 et
500 1921 598 1990 fatus
616 1935 690 1990 est:
718 1922 821 1991 hunc
833 1922 903 1990 tibi
921 1925 1106 1992 annulum
1118 1923 1176 2012 do,
1194 1947 1238 1990 se—

279 2025 408 2096 cundae
424 2021 584 2092 fortunae
602 2023 757 2115 pignuS,
781 2039 894 2113 quem
915 2037 960 2090 tu
976 2045 1171 2114 nunquam
1188 2025 1236 2092 ab·

277 2126 451 2211 alienato,
468 2119 851 2214 quodetSigmundus
867 2120 1057 2215 pollicitus
1073 2138 1139 2194 est.
1162 2125 1237 2193 Post

275 2227 358 2296 haec
373 2222 598 2318 Sigmundus
614 2221 660 2290 ad
674 2241 787 2290 naves
812 2235 850 2290 et
870 2244 962 2300 suos⁴
976 2239 1170 2312 reversus,
1204 2225 1236 2292 iu

277 2328 399 2396 altum
413 2323 647 2416 provehitur,
668 2325 825 2390 alteram
837 2341 971 2391 navem
984 2325 1236 2392 mercatoriam

277 2425 484 2518 Sigmundo
508 2437 684 2515 regente,
720 2423 878 2491 alteram
900 2423 1071 2495 Thorere
1090 2438 1234 2517 cognato

277 2548 364 2593 suot·
408 2527 619 2612 Antequam
635 2541 679 2590 ex
689 2519 874 2614 Norvegia
890 2523 1102 2613 solvissent,
1124 2524 1249 2607 omnia,

275 2645 371 2693 nova
388 2639 433 2692 ex
455 2621 616 2714 Faereyis
633 2620 878 2710 resciverant,
907 2613 1088 2693 Ossurem
1098 2623 1234 2716 Hafgri·

276 2725 330 2792 mi
349 2723 490 2809 filium,
518 2743 631 2812 quem
649 2721 849 2797 Thrandus
867 2715 1108 2813 educaverat,
1134 2724 1175 2791 in
1188 2746 1233 2790 ro·

274 2826 434 2892 bustum
448 2819 573 2890 virum
590 2816 810 2910 adolevisse,
844 2819 1117 2912 patrimonium
1136 2847 1234 2891 suum

275 2919 484 3016 Sudreyam
500 2939 760 3012 recuperasse,
795 2919 1065 3014 dimidiamque
1081 2923 1235 3014 Faereyaa.

275 3041 363 3094 rum
387 3033 535 3114 partem
556 3039 601 3090 ex
630 3040 734 3112 aequo
767 3039 856 3090 cum
877 3017 1056 3094 Thrando
1090 3023 1235 3092 adminb

275 3125 464 3192 strandam
476 3116 681 3212 suscepisse
692 3141 702 3204 3
715 3121 876 3190 eundem
884 3137 1078 3213 praeterea,
1093 3089 1244 3192 auctoni

275 3223 474 3310 Thrando,
502 3239 631 3290 omnes
644 3217 914 3312 possessiones,
941 3242 1023 3311 quae
1034 3224 1233 3294 Bresteriet

275 3322 424 3394 Beineri
446 3322 614 3406 fuerant,
637 3335 857 3411 occupasse,
883 3319 1080 3392 dictitaute
1101 3325 1219 3396 Thran

276 3420 342 3512 do,
383 3443 466 3491 eam
491 3419 600 3489 caedis
625 3435 791 3513 paternae
807 3421 968 3490 multam
981 3419 1074 3493 foret
1130 3411 1227 3494 (issu

274 3523 405 3592 villam
429 3517 603 3612 Sudreyae
629 3533 667 3588 et
695 3521 863 3592 Dimune
892 3511 1046 3612 habuit,
1090 3525 1199 3592 tertia

275 3621 467 3715 Skufeyae,
493 3622 558 3690 ubi
573 3615 781 3710 plurimum
798 3615 876 3715 egit
884 3666 907 3717 „
920 3617 1049 3714 ibique
1069 3621 1188 3692 altum
1201 3645 1216 3690 e

273 3722 427 3794 firmum
446 3717 728 3790 munimentum
748 3717 845 3790 circa
860 3721 988 3791 villam
1005 3724 1207 3793 excitavero

272 3843 362 3896 nam
376 3823 609 3914 Faereyenses
627 3815 859 3910 audiverant,
889 3818 1143 3916 Sigmundum
1158 3827 1216 3893 Bre

273 3922 379 3992 eteris
398 3920 521 3991 filium
537 3929 864 4014 rerumgestarum
878 3918 997 4014 gloria
1010 3919 1226 3994 inclaruisse.

374 4019 550 4112 Cap.185·
604 4022 713 4094 Nunc
739 4019 783 4092 de
802 4019 1008 4114 Sigmundo
1032 4044 1075 4092 ac
1097 4021 1172 4094 suis
1187 4023 1217 4090 di

273 4119 454 4206 cendumt
486 4117 528 4188 hi
545 4116 755 4190 commodis
770 4116 891 4190 ventis
906 4119 967 4190 usi
981 4133 1089 4214 sunt,
1123 4117 1210 4194 done
