2550 4772
49 311 144 383 isso.
397 293 664 336 ·““···“’·
891 277 947 368 ll
1033 250 1035 256 ἲ

49 505 188 584 si'scire
212 505 337 598 cupis,
382 502 518 598 lnquit.
583 507 685 579 Tum
714 505 922 578 retinacula
952 533 1013 580 eo-

50 607 299 690 nunsublata3
337 605 378 674 hi
406 630 494 676 vero
520 629 655 676 navem
675 609 939 680 mercatoriam
954 633 1012 680 re·

51 711 162 780 multo
178 721 340 776 tractam
352 706 391 774 in
404 709 540 776 bonam
551 708 751 776 stationem
766 709 1012 802 deduxerunt,

51 808 325 896 mercatoribus,
352 807 418 897 qui
438 805 570 880 fuisset
585 807 809 878 amiculatus
826 808 905 898 ille,
917 829 1013 882 'nes-

53 908 240 992 cientibus;
278 906 413 998 quibus
429 909 542 998 paulo
560 921 646 998 post
661 907 844 996 innotuit,
883 933 1014 1006 regem

54 1013 199 1081 Olavum
215 1007 351 1093 fuisse3
389 1021 475 1081 tum
493 1008 594 1078 enim
609 1031 676 1078 rex
694 1010 738 1077 ab
753 1011 914 1102 Helogia
930 1036 1015 1104 per-

52 1122 211 1198 venerat,
238 1131 332 1199 quo,
357 1121 502 1178 utente
519 1108 817 1181 demonstratum
832 1123 906 1200 est,
932 1135 1018 1204 pro·

53 1209 156 1282 ficisci
182 1210 429 1302 cogitaveram
461 1209 614 1299 jamque
638 1232 749 1278 naves
770 1233 855 1280 sues
878 1211 925 1282 ad
950 1213 1016 1285 Ni-

55 1308 226 1380 dirosiam
254 1309 467 1402 constituit,
516 1323 554 1377 et
584 1310 724 1399 partim
754 1310 836 1398 hic,
876 1313 1017 1402 partim

54 1410 172 1482 Hladis
190 1432 278 1478 cum
292 1409 509 1478 cohortibus
535 1409 666 1478 aulicis
682 1427 933 1481 commoratus
948 1430 1014 1482 est.

53 1509 257 1582 Hassfrodus
286 1529 438 1603 quoque
457 1508 693 1584 Nidarosiam
713 1533 865 1582 cursu-m
891 1515 1017 1584 tenuit

54 1633 160 1702 eoque
180 1609 363 1704 pervenit.

158 1809 160 1812 ·
246 1778 309 1851 De
334 1778 565 1874 Rdgnvaldo
591 1787 628 1850 et
653 1765 804 1850 Rauda.

143 1921 212 1988 155.
265 1913 346 1986 Rex
364 1913 500 1984 olavus
518 1913 781 2008 Rlignvaldum
795 1911 838 1984 eb
855 1911 1018 1986 AErvikie

58 2025 92 2084 et
108 2014 276 2096 Reudum
294 2037 423 2084 secum
440 2015 481 2084 in
505 2015 671 2084 custodia
690 2014 868 2104 servavit,
904 2039 1018 2106 saepe·

59 2113 174 2205 quein
197 2114 431 2205 colloquium
450 2115 555 2184 venit
569 2115 794 2207 Rlignvoldi,
821 2117 922 2205 quod
941 2139 1018 2184 ser-

58 2214 152 2284 moni
178 2214 256 2300 ejus
284 2215 404 2284 multe
427 2215 615 2304 sapienter
632 2215 729 2284 dicta
749 2215 871 2284 inesse
888 2216 1019 2306 depre-

57 2314 188 2402 hendit.
253 2313 328 2384 Die
361 2315 539 2406 quodam,
583 2315 683 2382 inter
714 2316 1018 2406 colloquendum,

58 2439 116 2482 rex
125 2415 378 2506 interrogavit,
406 2413 539 2506 ecquid
550 2414 674 2503 sciret,
693 2415 775 2504 quis
786 2428 915 2484 auctor
925 2428 1022 2484 esset

59 2512 221 2602 incendii,
247 2536 320 2604 quo
334 2515 536 2587 Thorolfus
548 2515 719 2608 Skjalgus
727 2515 891 2607 (Strabo)
910 2515 1023 2586 deta·-

61 2616 138 2684 daro
156 2614 368 2708 periisset?
380 2616 618 2710 Rlignvaldus
636 2616 846 2715 responditt
875 2615 939 2706 qui
956 2639 1023 2684 110·

60 2709 190 2784 verim-l
230 2713 295 2783 diu
320 2715 473 2806 quidem
491 2739 567 2784 una
588 2715 645 2784 lui
667 2739 753 2786 cum
774 2715 957 2788 Thorolfo
981 2716 1023 2786 in

61 2817 198 2902 ladam,
235 2829 348 2905 atque
368 2815 456 2885 inde
474 2815 665 2884 discedens
683 2817 827 2886 salvum
845 2811 1025 2886 hilarem·

62 2939 124 3005 que
141 2939 229 2984 eum
245 2915 382 3006 reliqui
394 2941 404 3001 3
428 2929 512 3006 post
525 2929 652 2985 autem
666 2939 744 2986 non
757 2918 879 2988 multo
896 2916 1024 2986 incen·
1084 2997 1088 3006 .

63 3016 123 3106 dii,
149 3038 221 3106 quo
237 3017 369 3108 periit,
406 3015 506 3086 ieme
526 3016 718 3107 ipsiusque
736 3039 836 3086 mors
861 3015 957 3089 mihi
973 3017 1025 3086 el·

61 3117 126 3186 leta
142 3131 216 3200 est5
240 3139 372 3186 verum
394 3117 689 3208 quotiescunque
710 3140 752 3186 eo
769 3140 829 3184 res
844 3115 1024 3208 tangitur,

28 3271 29 3276 ,
60 3215 96 3284 in
119 3229 286 3298 mentem
315 3217 410 3286 mihi
436 3217 539 3286 venit
558 3216 710 3289 Raudus
742 3215 788 3284 de
816 3216 1021 3306 Raudseye.

29 3299 31 3322 '
62 3317 130 3386 Rex
142 3317 244 3386 haud
255 3315 365 3406 plura
378 3319 424 3386 ab
439 3340 483 3386 eo
505 3318 576 3386 hec
585 3317 630 3386 de
640 3341 681 3386 re
691 3315 873 3407 expiscari
886 3315 1022 3407 potuit.

66 3417 202 3489 Deinde
217 3418 392 3488 Raudum
408 3417 653 3506 conveniens,
681 3417 863 3508 quaesivit,
891 3415 1026 3507 ecquid

65 3518 182 3604 sciret,
217 3517 300 3607 quis
320 3511 548 3592 Thorolfum
564 3517 758 3611 Skjalgum
771 3516 1026 3607 (Strabonem)

64 3615 225 3688 incendio
258 3619 458 3688 necasset?
507 3617 658 3690 Raudus
688 3612 840 3688 retulit:
886 3617 1026 3706 nescio,

66 3717 364 3810 sedllognvaldus
377 3720 421 3787 de
436 3718 600 3790 AErvikia
610 3739 758 3809 semper
767 3715 911 3788 mihiin
922 3737 1027 3788 men-

67 3830 134 3886 tem
153 3817 275 3909 venit,
307 3821 604 3918 quotiescunque
628 3819 706 3904 ejus
727 3817 784 3886 rei
804 3817 948 3886 mentio
972 3818 1026 3887 fit.

67 3917 136 3988 Rex
148 3938 281 4009 porro:
301 3913 622 4011 anjombaptizori
637 3917 713 3986 vis?
729 3917 975 4002 Cuillaudus:
990 3917 1030 3988 id

49 4039 136 4088 ton
154 4019 258 4112 prius
273 4023 358 4111 fiet,
388 4041 501 4111 quem
522 4018 1029 4118 qtddlliignveldusstetuat,

98 4151 123 4202 2·
136 4147 191 4204 vol·
369 4177 372 4184 =
521 4148 524 4158 ’
810 4121 839 4188 Β
867 4137 870 4141 ’
983 4133 988 4140 ’
