2502 4774
280 223 367 312 132
559 241 825 300 a
1069 234 1170 306 isso.

216 453 384 539 Haultus,
409 447 518 520 ambo
529 443 689 539 Halogia
705 444 873 535 oriundi,
899 447 1171 539 aetateiurenes,

215 571 357 628 statura
369 548 527 644 grandes
542 561 580 616 et
595 547 758 635 robusti,
780 547 978 618 itineribus
997 564 1172 618 mercato-

214 659 279 728 riis
294 647 598 742 frequentissimi.
651 652 734 718 Hoc
748 647 881 716 eodem
897 670 1004 738 vere,
1031 672 1173 741 quorex

216 760 353 828 Olavus
377 753 423 820 ab
441 749 585 818 oriente
609 747 717 818 Vikia
738 747 930 837 profectus
947 763 1022 838 est,
1053 749 1173 842 Sigur·

216 859 284 926 dus
311 869 350 923 et
369 851 525 922 Haukus
546 847 778 918 occidentem
800 871 928 918 versus
945 850 988 920 iu
1005 849 1175 940 Angliam

216 954 523 1032 transmiserunt3
560 961 686 1016 aestate
705 964 883 1038 provecta
899 948 941 1021 in
955 950 1174 1040 Norregiam

216 1057 433 1141 redeuntes,
469 1052 698 1138 boreamque
715 1069 842 1118 versus
859 1049 988 1118 littora
1000 1051 1174 1142 legentes,
1235 1073 1236 1124 l

216 1161 260 1228 in
274 1149 508 1227 Nordmoeria
521 1149 562 1218 in
578 1149 702 1238 copias
716 1149 823 1220 Olavi
840 1150 938 1242 regis
957 1149 1173 1220 inciderunt

217 1262 315 1342 Rex,
341 1252 480 1322 certior
492 1249 625 1336 factus,
651 1248 779 1318 adesse
794 1273 839 1317 ex
852 1250 988 1341 Anglia
1002 1264 1177 1320 mercato-

217 1379 278 1427 res
295 1356 480 1445 Halogos,
520 1350 678 1420 ethnice
702 1349 879 1441 religioni
898 1349 1081 1438 addictos,
1117 1373 1177 1418 na-

218 1458 323 1526 vium
343 1454 519 1520 ductores
537 1451 636 1518 adse
658 1450 782 1518 vocari
797 1449 926 1536 jussit3
949 1452 1178 1542 interrogan-

217 1573 275 1645 te,
302 1579 349 1624 an
361 1552 585 1643 religionem
602 1549 840 1618 christianam
859 1564 1073 1640 acceptare,
1093 1552 1178 1639 bap·
1236 1577 1237 1602 ἢ

217 1659 407 1744 tismoque
424 1649 565 1718 initiari
580 1652 738 1738 vellent,
754 1649 920 1731 facturos
938 1673 977 1720 se
988 1651 1179 1742 citonega-

218 1761 318 1829 bant.
358 1757 438 1824 Rex
448 1751 577 1820 multis
592 1750 732 1838 modis,
753 1750 891 1822 diserta
907 1750 1178 1838 orationeusus‚

217 1879 304 1926 rem
321 1855 368 1922 iis
384 1850 602 1942 persuadere
613 1849 781 1936 tentavit,
799 1875 934 1942 neque,
944 1851 1045 1942 quod
1056 1851 1180 1938 voluit,

219 1955 330 2026 abiis
355 1950 587 2042 impetravit:
622 1964 706 2018 tum
726 1952 862 2020 ultima
880 1973 1056 2042 quaeque,
1087 1975 1180 2020 mor-

218 2071 300 2126 tem
312 2067 378 2122 aut
391 2051 689 2137 mutilationem,
716 2052 880 2122 minatus
901 2066 976 2140 est,
1010 2052 1076 2120 sed
1088 2051 1181 2120 frus-
1237 2111 1238 2124 ,

219 2171 297 2239 tra3
349 2154 476 2242 itaque
515 2151 758 2240 compedibus
798 2153 942 2222 vinctos
985 2167 1115 2222 secum
1143 2153 1183 2218 iu
1237 2155 1238 2160 ’

220 2253 550 2330 Thraudheimum
572 2250 743 2339 deduxit,
795 2252 861 2328 ubi
886 2251 1116 2344 aliquamdiu
1145 2253 1183 2320 iu

218 2354 380 2426 vinculis
398 2353 633 2420 tenebantur.
668 2355 748 2424 Rex
765 2353 898 2442 saepius
917 2375 979 2424 eos
995 2352 1181 2442 accedens,

218 2477 321 2526 nunc
335 2455 497 2522 honores
518 2466 555 2519 et
570 2451 775 2520 amicitiam
797 2476 906 2523 suam
926 2453 971 2520 iis
993 2451 1182 2543 pollicitus

221 2569 294 2642 est,
319 2574 421 2622 nunc
436 2550 546 2619 duros
564 2550 750 2623 cruciatus
766 2553 928 2623 minatus
946 2567 1022 2641 est,
1058 2553 1123 2620 sed
1137 2554 1183 2620 ir-

220 2657 293 2725 rito
310 2665 458 2740 conatu,
484 2674 572 2718 nam
588 2673 712 2740 neque
728 2653 834 2722 bonis
851 2677 973 2742 neque
987 2653 1096 2722 malis
1109 2677 1184 2721 mo-
1238 2649 1239 2698 1

220 2756 412 2825 vehantur.
478 2751 550 2820 Sed
571 2761 682 2820 n‘octe
704 2751 865 2843 quadam
885 2753 1053 2822 custodia
1071 2753 1183 2845 elapsi

221 2867 326 2942 sunt,
352 2851 504 2922 nemine
520 2849 679 2940 sciente,
707 2875 781 2943 quo
798 2873 859 2922 eos
872 2851 963 2946 fuga
978 2853 1179 2940 detulisset,

221 2969 287 3025 aut
307 2972 380 3043 quo
398 2965 508 3042 pacto
531 2951 749 3036 evasissent;
790 2953 988 3044 compedes
1010 2953 1114 3024 enim
1132 2955 1183 3022 in·

220 3071 336 3148 tegrae
350 3065 627 3140 remanserant,
662 3055 861 3143 clausaque
876 3055 1028 3140 domus,
1060 3053 1101 3122 in
1116 3077 1184 3144 qua

222 3153 399 3224 custoditi
408 3153 576 3236 fuerant5
603 3175 676 3244 qua
689 3177 730 3225 re
746 3154 856 3224 variis
874 3153 1106 3223 sermonibus
1116 3155 1185 3241 jac-

220 3269 314 3342 tata,
348 3273 415 3332 rex
434 3253 515 3344 ipse
531 3275 650 3342 pauca
663 3256 812 3323 locutus
832 3269 904 3342 est,
943 3253 1115 3324 custodes
1136 3269 1186 3322 ta-

220 3374 311 3422 men
329 3353 489 3422 carceris
507 3352 682 3420 nonnihil
698 3354 904 3444 increpuit,
931 3353 1071 3422 horum
1085 3351 1185 3424 incu-

220 3453 285 3522 riae
302 3465 340 3520 et
349 3451 553 3520 temeritati
561 3453 712 3540 eulpam
720 3455 882 3524 maxime
896 3454 1076 3540 tribuens,
1090 3453 1187 3544 quod

220 3553 353 3646 fugam
369 3574 499 3620 eorum
515 3572 593 3620 non
603 3551 868 3624 observassent.
920 3559 1061 3624 Verum
1080 3557 1187 3644 culpa

220 3667 305 3722 tum
321 3652 487 3744 reparari
500 3651 729 3742 nonpotuit,
752 3678 840 3724 nam
855 3654 1000 3744 quaesiti
1014 3655 1188 3743 nuspiam

222 3753 364 3843 reperti
395 3766 490 3823 sunt.
556 3753 721 3841 Fratres,
760 3755 939 3846 Sigurdus
962 3768 999 3822 et
1020 3755 1186 3840 Haukus,

223 3852 351 3923 adulto
367 3867 566 3936 autumno,
597 3850 639 3918 in
653 3856 855 3948 Halogiam
871 3855 917 3921 ad
933 3855 1132 3924 Harekum
1148 3854 1188 3921 de

223 3951 378 4038 Tlrjotta
395 3964 669 4042 pervenerunt,
702 3978 724 4024 a
741 3977 814 4046 quo
834 3955 1040 4032 liberaliter
1058 3975 1188 4043 excep-

221 4053 272 4140 ti,
297 4051 350 4119 ibi
364 4051 533 4122 hiemem
548 4051 647 4144 apud
662 4075 751 4126 eum
769 4054 1033 4146 percommode
1049 4065 1189 4124 transe-

223 4163 371 4248 gerunt.
