2550 4772
60 263 148 336 rato.
390 261 681 304 w
880 226 940 336 43

60 473 380 570 ptumexntakono
404 464 649 568 repetivistis',
677 475 743 567 qui
762 477 842 546 haec
861 475 1002 564 eadem,

63 601 126 670 que
138 599 201 646 nos
223 599 325 644 nunc
345 577 572 668 proferimus
593 591 631 646 et
645 579 920 669 persequimur,
939 583 1004 667 po*

63 679 180 748 stulare
200 698 306 746 orsus
331 691 396 746 est.
426 679 641 772 QuomodO,
678 701 813 768 quaeso,
840 677 905 745 ille
931 679 1006 744 dux

64 777 230 868 equitibus
256 777 477 867 prospiciat,
515 779 580 868 qui
597 777 794 866 animum,
845 775 1007 866 nequid

64 877 126 950 reri
138 877 354 966 perspiciat,
382 893 560 966 occaecat,
588 892 625 946 et
643 900 709 946 sua
728 879 1006 968 spontearnalis

65 978 307 1067 impostoribus
331 980 444 1070 longe
470 1001 490 1046 a
514 993 616 1050 recta
645 979 704 1046 via
736 979 928 1066 seductuS,
966 978 1008 1046 in

65 1071 209 1148 hostium
234 1100 366 1147 marrus
386 1079 567 1170 traditur,
601 1080 666 1169 qui
687 1079 832 1146 eumin
853 1077 1008 1168 profun-

67 1179 133 1248 dam
145 1179 429 1248 aeternaemortis
441 1178 578 1261 fossam
588 1179 794 1264 dejiciunt?
821 1179 1008 1268 quomodo

65 1279 88 1346 is
107 1301 171 1350 retr
186 1277 312 1346 vocari
334 1291 475 1368 potest,
505 1280 572 1369 qui
588 1301 692 1348 servo
707 1279 956 1366 abjectissimo
973 1291 1010 1345 et

65 1378 397 1450 malevolentissima
434 1402 472 1447 se
498 1379 776 1470 imperiumque
803 1378 1011 1472 regendum

65 1477 182 1550 tradit?
234 1477 279 1548 Id
290 1479 449 1550 Hakono
468 1479 570 1547 laudi
588 1479 744 1568 ducitis,
772 1481 872 1570 quod
892 1501 1011 1546 servo·

66 1603 138 1648 rum
150 1600 305 1649 suorum
317 1574 430 1648 minis
441 1579 639 1648 deterritus
653 1581 779 1648 reram
790 1581 1010 1673 religionem

67 1679 232 1768 deseruit,
260 1692 469 1748 creatorem
486 1701 598 1749 sunm
614 1679 776 1749 ludibrio
793 1681 947 1768 habuit,
974 1699 1013 1746 se

66 1802 138 1848 vero
150 1781 275 1869 ipsum
289 1779 497 1872 ignominia
517 1781 677 1869 notavit,
703 1781 768 1872 qui
786 1781 872 1850 deos
890 1782 1013 1850 colere
1088 1791 1091 1806 '

66 1901 246 1972 aggressus
274 1879 333 1948 sit.
394 1881 545 1950 Puerile
572 1893 611 1948 et
635 1881 903 1971 humilenfuit,
941 1881 1014 1948 hoc

67 1981 435 2074 misellumregnum,
461 2002 537 2071 prae
553 1994 692 2050 aeterna
704 1982 884 2052 felicitate
903 1977 1016 2051 nihil-i
1080 2029 1088 2041 r

66 2080 283 2170 habendum,
308 2080 405 2150 tanti
422 2083 620 2175 aestimare,
650 2095 694 2150 ut
717 2105 785 2173 pro
806 2105 849 2150 eo
869 2101 1018 2170 compa-

67 2180 168 2251 rando
193 2180 307 2253 deum
326 2195 485 2274 negaret
504 2194 542 2249 et
558 2181 812 2252 ministerium
829 2183 1019 2250 desereret

68 2281 172 2356 sancti
189 2281 349 2370 domini,
388 2281 454 2370 qui
480 2281 516 2350 ei
545 2293 603 2348 tot
624 2295 804 2373 tantaque
818 2283 915 2351 bona
932 2303 1018 2348 con-

69 2396 237 2466 cesserat,
275 2381 315 2450 id
337 2403 426 2450 vero
446 2382 569 2450 multo
591 2383 771 2469 abjectius
792 2383 882 2467 fuit,
920 2378 1020 2470 quod

17 2507 19 2514 ’
67 2495 135 2550 tam
151 2481 383 2574 degenerem.
394 2494 431 2548 et
446 2482 713 2552 meticulosum
729 2507 767 2552 se
783 2481 959 2576 praebuit,
976 2492 1020 2548 ut

69 2583 109 2650 ad
122 2583 316 2654 veritatem
328 2581 451 2652 redire
463 2583 646 2672 noluerit,
673 2583 790 2653 immo
812 2581 971 2674 posteaf
1006 2619 1021 2635 ·
1128 2593 1131 2598 “

69 2682 129 2749 dus
148 2705 234 2756 cum
251 2681 297 2752 iis
318 2681 468 2770 inierit,
510 2683 574 2772 qui
599 2708 686 2754 eum
712 2707 781 2776 per
806 2684 978 2753 fraudem
999 2705 1022 2749 a

70 2781 129 2854 deo
154 2783 375 2871 alienarant,
409 2782 509 2873 quod
527 2796 634 2874 pater
657 2786 737 2870 ejus
759 2807 954 2875 nunquam
969 2781 1022 2850 fe-

70 2883 179 2952 cisset.
230 2886 311 2956 Rex
325 2884 522 2971 Haraldus,
539 2883 603 2974 qui
619 2885 791 2962 ethnicus
804 2887 878 2954 fuit
888 2883 1022 2974 deique

69 2981 221 3074 ignarus,
249 3005 399 3072 omnes,
427 3006 519 3073 quos
539 2984 627 3052 artis
641 2987 796 3079 magicae
809 2985 1022 3074 diabolique

71 3085 223 3154 cultores
249 3083 450 3156 acerrimos
470 3098 612 3173 nosset,
644 3084 806 3154 interfici
823 3085 950 3170 jussit3
972 3103 1024 3151 rex

71 3184 167 3271 cujus
187 3183 294 3254 dictis
310 3185 449 3274 elucet,
489 3208 578 3254 eum
599 3207 710 3278 opem
726 3188 770 3254 ab
791 3185 858 3254 illo
875 3201 1026 3274 exspec-

70 3297 177 3374 tasse,
206 3284 274 3375 qui
296 3305 337 3351 -se
359 3284 579 3374 creavisset,
619 3285 804 3376 quamvis,
844 3285 909 3376 qui
933 3285 1025 3352 dous

71 3400 174 3475 esset,
199 3385 400 3478 ignoraret.
453 3386 563 3478 Quod
586 3400 713 3456 autem
731 3387 776 3459 de
795 3387 956 3456 Hakono
972 3407 1027 3452 sa-

71 3497 169 3575 trapa
185 3485 420 3558 mentionem
432 3484 631 3576 injecistis,
657 3489 723 3555 ille
747 3487 867 3578 pirata
887 3487 1026 3578 potius,

17 3633 19 3682 ᾖ
73 3606 175 3673 quam
202 3585 395 3676 princeps,
426 3587 609 3677 appellari
631 3589 792 3671 meruit,
826 3611 915 3656 nam
940 3609 1029 3654 oum

17 3695 19 3730 r
71 3686 260 3756 nobilitate
283 3685 430 3778 generis
450 3699 603 3781 satrapae
626 3687 851 3781 dignitatem
871 3685 1028 3755 meruis-

17 3737 19 3870 Ι
73 3799 142 3872 set,
166 3786 507 3878 tamenprincipes,
548 3788 1029 3880 quibuaimperiurnhujus

17 3875 19 3964 ζ
73 3885 173 3976 regni
187 3887 271 3972 jure
287 3889 541 3978 competebat,
578 3889 788 3980 quibusque
807 3889 946 3956 servire
968 3889 1030 3955 de-

17 4051 18 4072 ,
72 3981 216 4078 buisset,
242 3987 381 4078 partim
395 3989 551 4078 praeliis,
576 3993 715 4080 partim
729 3989 865 4060 astutia
883 4003 921 4060 et
935 3987 1031 4056 dolis

17 4135 19 4146 .
71 4081 275 4178 interemit,
310 4109 548 4185 regnumque
575 4089 646 4160 sibi
671 4091 843 4176 subjecit.
897 4091 967 4158 Ille
989 4087 1032 4155 in
