2528 4770
306 237 396 336 284
591 305 855 324 ...ψ-...κ
894 249 899 256 ’
1095 259 1194 328 2470.

244 475 417 548 Eirikum
427 481 609 562 'satrapam
625 471 776 541 iusidias
793 472 828 540 ei
841 470 1139 541 collocassecum
1150 467 1197 534 in-

244 578 342 644 victo
368 573 554 660 exercitu,
591 593 725 666 magua
746 572 1007 642 benevolentia
1028 583 1151 661 regem
1167 589 1198 635 o-

244 700 347 764 rana,
383 697 431 742 ne
449 673 491 741 in
506 671 657 742 insidias
673 674 839 742 hostiurn
854 678 1010 742 suorum
1029 693 1068 741 se
1084 669 1199 758 praeci-

182 849 186 856 ,
244 777 391 868 pitaret.
442 775 522 843 Rex
539 796 633 841 vero.
644 773 828 864 reposuit:
841 773 1129 863 haudquaquam
1142 767 1200 836 dil-

198 871 200 874 ’
243 878 364 944 feram
387 873 660 964 profectionem
683 895 820 957 meam·
835 875 882 942 ob
912 875 1006 942 tales
1031 889 1197 956 rumores,

245 997 337 1067 quos
362 971 527 1042 nesciam
547 997 595 1042 an
610 973 689 1041 veri
705 973 800 1058 sint3
834 995 923 1042 nam
942 971 1086 1042 amicus
1105 989 1198 1036 meus

243 1073 450 1170 Sigvaldius
471 1073 671 1142 certiorem
694 1073 807 1143 faciet
832 1097 914 1162 me,
952 1073 985 1140 si
1006 1093 1097 1162 quas
1116 1067 1198 1137 mihi

243 1189 388 1268 paratas
412 1171 558 1242 noverit
576 1173 736 1244 iusidias
795 1173 1016 1260 Enimvero,
1044 1168 1196 1262 quamvis

242 1300 330 1344 vera
345 1296 425 1342 esse
437 1298 518 1364 quae
535 1273 625 1342 dicis
634 1289 874 1386 perspectum
885 1273 1075 1359 haberem,
1086 1285 1197 1338 tamen

243 1393 486 1468 congressum
502 1398 588 1458 cum
601 1367 763 1444 immicis
774 1375 961 1444 meistuon
974 1373 1095 1442 forem
1111 1368 1194 1437 devi-

242 1481 408 1562 taturus',
445 1497 533 1544 nam
556 1495 670 1564 penes
693 1475 816 1544 deum‘
835 1487 911 1562 est,
945 1493 1106 1566 regnum
1123 1469 1194 1536 dare

243 1577 453 1666 cuicunque
467 1573 638 1664 voluerit.
673 1633 676 1641 ,
691 1580 794 1647 Tum
807 1573 971 1644 Astrida:
995 1573 1117 1662 itaque
1129 1590 1195 1636 ora·

241 1693 325 1746 tum
338 1689 376 1744 te
389 1676 492 1762 volo,
507 1688 551 1744 ut
565 1671 666 1764 quod
677 1675 777 1744 ferre
795 1689 926 1765 potero
937 1671 1118 1742 auxilium
1128 1691 1194 1736 eva-

244 1776 372 1866 dendi,
392 1771 549 1844 'sivforte
570 1793 663 1864 opus
685 1773 758 1844 tibi
773 1775 908 1864 fuerit,
924 1771 1110 1864 accipere
1131 1791 1195 1837 non

243 1874 466 1968 dedigneris.
521 1874 733 1963 Accipiam,
768 1877 821 1944 ait
841 1899 927 1964 rex,
954 1872 986 1942 si
1005 1869 1196 1964 postulabit

224 1975 454 2064 ⁴necessitas.
492 1973 650 2068 ,Quibus
668 1975 776 2044 dictis
788 1969 1102 2069 digressisuntss).

307 2144 407 2235 (Rex
433 2143 580 2212 Olavus
605 2165 651 2210 ex
679 2145 720 2212 V
717 2143 923 2214 indlandia
950 2139 1138 2238 navigat.)

254 2339 258 2346 .
344 2275 431 2366 Cep.
454 2282 527 2348 247.
581 2279 663 2369 Quo
687 2276 747 2346 die
788 2301 853 2347 rex
890 2279 1026 2348 Olavus
1056 2277 1197 2353 classem

219 2451 222 2464 ,
241 2400 287 2446 ex
304 2390 417 2470 portu
430 2378 557 2466 solvit,
585 2375 805 2470 exiguus**)
821 2378 983 2468 spirabat
999 2390 1137 2462 ventus,
1150 2395 1195 2438 se·

242 2477 385 2590 qunrlus
399 2492 547 2564 tamen,
576 2500 786 2570 curunaves
806 2478 955 2570 longius
969 2491 1107 2568 eterra
1124 2495 1195 2564 pro-

241 2576 455 2660 cessissent,
475 2599 584 2644 naves
596 2592 722 2644 autem
734 2577 895 2646 minores
911 2578 1196 2646 celeriorecursu

239 2675 281 2750 in
302 2678 422 2749 altum
443 2657 572 2750 delatae
587 2690 716 2744 ventos
733 2679 914 2746 secundos
935 2685 1194 2790 praeceperuut

241 2776 415 2866 Satrapa
417 2798 504 2842 vero
527 2775 651 2872 Sigval
655 2767 734 2846 dius
743 2774 842 2870 ,qui
856 2801 974 2874 prope
989 2777 1174 2872 regiam
1144 2795 1196 2841 na-

239 2898 326 2944 vem
347 2877 571 2968 vehebatur,
611 2875 733 2970 regios
769 2877 992 2970 inclamans,
1042 2867 1198 2968 sesequi

239 2975 367 3062 jussit
381 2975 532 3052 ducem:
582 2991 670 3046 uota
692 2969 790 3046 milri
819 2993 907 3047 sunt
932 2980 1034 3066 loca,
1075 2973 1196 3064 inquit,
1204 3055 1206 3060 Ι

239 3075 332 3146 ubi
321 3090 419 3148 mter
434 3076 574 3154 insulas
594 3099 737 3168 perque
753 3078 848 3148 freta
868 3078 1092 3168 profundius
1106 3085 1198 3166 petet

238 3199 363 3264 mare,
391 3177 492 3268 quod
514 3177 634 3266 vobis,
662 3177 726 3268 qui
744 3179 950 3265 majoribus
973 3178 1127 3246 naribus
1145 3197 1196 3240 ve-

237 3275 394 3365 hiuiiui,
418 3278 673 3358 necessarium
688 3292 751 3347 est.
805 3281 862 3350 Ita
877 3295 1023 3369 satrapa
1038 3301 1123 3344 cum
1132 3271 1197 3340 suis

239 3375 393 3443 navibus
410 3377 592 3467 praeibat,
631 3401 697 3446 rex
722 3403 808 3448 cum
831 3379 1033 3464 majoribus
1052 3375 1198 3445 navibus

239 3475 545 3565 subsequebatur.
600 3479 784 3570 Sigvaldio
801 3494 928 3548 autem
943 3477 1198 3567 satrapaeiusu-

237 3575 313 3642 lam
334 3577 526 3675 Svo'ldram
550 3579 751 3648 accedente
770 3571 868 3648 ob'vii
885 3592 1071 3648 venerunt
1086 3573 1198 3644 homi-

235 3676 322 3762 ries,
350 3701 442 3746 nave
469 3678 634 3747 cursoria
657 3679 770 3769 vecti,
804 3679 1042 3768 nuntianteS,
1069 3677 1199 3745 exerci-

235 3787 320 3862 tum
347 3777 444 3874 regis
470 3777 667 3848 Danorum
689 3781 848 3874 et‘regis
881 3781 1059 3848 Suionum
1083 3773 1136 3846 ibi
1164 3776 1198 3842 in

235 3887 349 3963 portu
362 3877 605 3966 ,praejacente
632 3893 742 3949 stare.
808 3885 932 3975 Quare
961 3877 1198 3969 satrapavela

242 4025 504 4042 .......,,...,.,.,,.,,,,...

235 4089 358 4162 *lpostea
377 4113 430 4145 non
448 4099 561 4152 invicem
576 4102 627 4152 visi
637 4133 646 4162 ,
665 4098 727 4158 edd.
743 4101 775 4150 Β.
824 4100 1002 4172 **)pe12quam
1020 4099 1137 4169 placidus
1147 4137 1154 4163 ,
1172 4097 1196 4145 B·
