2508 4766
52 255 149 354 use.
399 284 665 352 -·-........-··
859 261 954 387 ttt'
1059 353 1060 358 ι

50 497 140 565 tibus
155 493 325 568 hibernis
346 497 557 592 algoribus,
592 513 675 568 tum
696 498 736 566 in
756 510 802 570 eo'
818 504 1014 574 territoria

50 619 189 666 smnma
210 600 411 668 auctoritas
435 611 513 668 erut
529 618 643 690 penes
662 606 852 671 Amorem
867 608 1010 676 Kerliu

49 699 233 794 garnefem
247 701 397 790 (vetulae
409 700 571 792 nasum),
584 701 798 772 Miklabaei
790 727 828 772 ιιι
839 707 1010 774 Ostands
1099 744 1102 750 ,

47 799 142 867 hlida
154 797 396 894 habitantem.
432 801 573 894 Quem
592 819 637 868 ex
655 802 726 870 hoc
744 817 903 872 convent
906 831 930 876 u
890 807 1009 875 t-do

47 922 147 968 mum
168 919 364 970 reversum
387 915 508 970 mater
532 899 686 969 accessit
707 903 895 992 Thurida',
932 907 1010 976 filia

46 999 120 1070 Reti
133 1001 178 1086 de
194 1001 334 1087 Bardo,
361 1023 525 1092 eumque
540 1004 702 1094 graviter
723 1003 961 1072 admodum
952 1031 1012 1074 111«
1030 1059 1033 1066 ι

47 1099 207 1190 crepuit,
234 1101 335 1192 quod
350 1115 428 1170 tam
443 1102 587 1172 crudeli
608 1105 800 1172 sententiae
820 1107 1010 1176 calculum

46 1201 255 1290 addidisset,
283 1203 402 1270 multa
423 1223 519 1272 sanae
533 1203 687 1272 rationis
703 1220 863 1296 veraque
884 1207 938 1276 rei
952 1222 1008 1275 ar·

46 1315 218 1393 gumenta
247 1323 371 1374 coram
399 1302 577 1390 afferens,
619 1327 731 1394 quam
766 1305 942 1374 inaudita
972 1305 1010 1374 et

46 1401 494 1476 enormisinhumanitatis
512 1417 621 1491 esset,
646 1419 791 1494 patrem
803 1416 1031 1494 armenem
1078 1487 1083 1502 .

46 1499 173 1570 aliosve
195 1503 427 1620 propinquos
452 1519 531 1573 tam
557 1527 660 1572 saavae
684 1506 799 1574 morti
829 1507 1009 1592 objicere:

47 1601 147 1670 Certo
162 1603 274 1692 scito,
301 1603 440 1694 inquit,
465 1604 534 1674 etsi
553 1604 633 1696 ipse
652 1605 741 1674 talia
768 1626 846 1674 non
875 1621 1007 1697 perpe-

46 1712 194 1792 tres,'te
213 1719 340 1782 tamen
365 1703 588 1795 neutiquam
607 1704 793 1774 insontem
817 1719 881 1776 aut
899 1706 1007 1776 inno·
1084 1772 1086 1777 .

46 1819 185 1872 centem
208 1805 322 1890 hujus
346 1806 494 1874 scelesti
515 1799 712 1874 homicidii
733 1827 832 1894 esse,
873 1819 1009 1897 utpote

45 1905 195 1974 aliorum
206 1905 418 1996 principem
433 1919 470 1974 et
482 1919 694 1996 praetorem,
719 1905 751 1972 si
767 1905 1010 1980 subditistuis

45 2003 238 2096 permittis,
266 2020 309 2072 ut
325 2004 501 2076 saeviente
516 2005 640 2074 hieme
654 2019 827 2094 parentes
841 2015 909 2075 aut
921 2025 1007 2100 pro·
1038 2083 1042 2088 ,

44 2105 195 2196 pinques
221 2119 397 2200 cognatos
428 2103 539 2176 domo
571 2105 789 2194 excludant,
829 2115 943 2197 atque
967 2107 1008 2178 id

45 2207 203 2294 quidem,
242 2205 312 2274 et'si
334 2227 411 2276 non
431 2201 646 2298 permittas,
681 2207 712 2272 si
732 2207 1006 2279 non-amnibus

44 2305 171 2376 viribus
187 2306 325 2376 talibus
348 2303 644 2390 immanitatibus
665 2305 815 2376 resistis.
862 2310 1004 2421 maor,

44 2403 260 2507 benerolum
274 2406 402 2474 matris
422 2427 591 2476 animum
600 2405 870 2498 rntellrsrens,
859 2421 1005 2476 incusa-

43 2501 176 2576 tionem
192 2507 270 2606 ejus
289 2505 557 2600 aequibonique
569 2505 781 2590 consuluit,
791 2507 916 2576 animo
930 2507 1004 2574 hae·¹

43 2631 135 2698 rens,
163 2595 253 2698 quid¹
272 2605 487 2678 faciendum
500 2621 702 2696 statueret,
728 2605 767 2676 id
783 2606 940 2676 consilii
937 2617 1006 2675 ιε’-
1069 2621 1072 2628 ’

43 2707 126 2822 pit
133 2722 177 2778 ut
195 2705 416 2776 domesticos
433 2703 479 2776 ad
494 2706 684 2797 proximas
698 2707 805 2776 villas
821 2706 1005 2796 mitteret,

44 2809 100 2898 qui
115 2823 245 2878 omnes
263 2831 369 2878 senes
386 2805 560 2876 homines
579 2821 616 2876 et
634 2807 809 2876 domibus
828 2807 1002 2898 expulsos
1029 2889 1032 2894 ¹

43 2897 1002 3074 conquirerentetdom'umadseveherent3quosom

42 3033 98 3078 nes
121 3022 267 3080 summa
289 3021 378 3077 cura
397 3005 565 3078 nutrivit.
618 3006 813 3096 Sequenti
822 3007 881 3076 die
898 3015 1003 3099 mdg

41 3109 358 3198 numeolondrum
372 3105 577 3179 numerum
590 3103 820 3194 convocavit,
837 3110 1001 3196 cumque

41 3203 75 3278 in
95 3219 322 3278 contentum
347 3209 527 3296 venisset,
552 3205 604 3276 ita
627 3211 690 3278 eds
713 3205 900 3276 allocutus
923 3211 1000 3276 est-z¹

41 3315 166 3378 nomm
183 3307 290 3390 vobis
314 3318 387 3398 est,
428 3305 529 3400 quod
551 3305 748 3398 publicum
773 3313 1000 3376 conventum

40 3407 144 3499 pade
160 3407 478 3494 antehabuimus't
505 3408 637 3478 deinde
653 3419 741 3478 vero
757 3417 1001 3476 communem

40 3517 198 3580 'nostram
213 3509 473 3583 necessitatem
491 3511 578 3577 cum
589 3508 718 3578 anime
733 3529 818 3576 meo
834 3507 999 3576 ‘conside'-

39 3609 125 3702 rari,
152 3626 190 3680 et
205 3609 380 3691 'contendi
395 3627 482 3678 cum
494 3609 652 3678 immani
669 3609 738 3678 isso
756 3607 928 3694 consiliu,
952 3605 998 3674 de

39 3714 105 3800 'qu'o
127 3709 293 3790 universi
316 3705 589 3797 consensimus,
626 3707 823 3778 dicentiar'n
843 3705 998 3798 peimi-t-

38 3817 152 3881 tentes
169 3807 496 3880 neceminferendi
512 3807 662 3877 senibus
681 3807 912 3896 etomnibus,
923 3805 998 3922 qui

38 3911 232 3980 laborando
259 3911 372 3980 r'itam
392 3912 553 3980 tolerare
576 3914 783 4002 nequeant,
827 3929 888 3976 eos
912 3905 996 3975 r'itae

37 4011 217 4083 alimentis
230 4011 486 4104 prohibendo,
510 4023 621 4102 atque
630 4034 702 4102 me,
718 4031 840 4177 ugera
852 4003 996 4077 ratione

432 4139 434 4146 ·
782 4116 805 4178 ι
