2550 4772
64 257 156 340 tas.
399 255 665 322 ῌ
891 235 948 330 33

21 469 22 474 ’
63 474 134 544 istis.
176 474 255 562 Ego
274 476 369 537 vero
380 467 473 536 adeo
483 468 636 558 iniquus
652 475 730 538 esse
747 469 847 557 nolo,
873 479 917 536 ut
929 483 1010 539 tan-

63 591 170 642 tasres
185 572 284 638 malo
302 567 525 658 rependam
552 583 636 638 tum
653 593 741 640 vero
760 569 812 638 ita
832 569 1008 660 iacerem,

66 677 179 743 sinunc
188 673 432 738 bellumcurn
440 669 542 736 vobis
555 693 678 737 serere
692 672 882 759 vellem,et
891 671 1009 741 utrin-

66 798 123 866 que
130 762 325 840 hominurn
339 768 751 857 internecionejactura
768 783 864 840 esset
871 768 1010 862 irrepau

65 873 180 944 rabilis.
203 875 313 942 Nunc
327 869 455 960 itaque
471 869 521 958 id,
551 871 650 960 quod
668 880 838 962 praestat,
866 873 1012 941 consilii

65 973 206 1066 capiam,
233 985 294 1060 ut,
319 969 479 1058 foedere,
507 971 607 1060 quod
624 970 1011 1057 internosinitiofuit

63 1075 249 1160 sancitum,
275 1073 371 1140 bene
386 1083 549 1158 servato,
580 1093 760 1162 prospera
775 1071 866 1156 vitae,
879 1094 1011 1167 gerenr

65 1178 107 1244 dae
121 1173 211 1242 ratio
227 1172 422 1260 reciproco
437 1171 580 1241 auxilio
596 1186 873 1260 promoveatur.
900 1175 1009 1262 Illuc,

64 1299 125 1366 quo
163 1272 388 1340 sacrificium
421 1272 630 1340 martimum
658 1273 877 1362 celebratis,
926 1297 1012 1364 pro-

63 1378 249 1461 iecturus,
290 1385 430 1438 vestros
460 1393 584 1438 mores
609 1383 646 1438 et
669 1373 765 1441 ritus
791 1375 1011 1459 observab03

64 1499 125 1567 quo
145 1474 243 1542 iacto
261 1495 328 1540 nos
347 1493 475 1538 omnes
496 1473 571 1540 und
593 1471 638 1538 de
658 1473 860 1566 religione,
885 1497 1013 1565 quarn

63 1591 176 1645 tenere
192 1573 373 1659 velimuS,
409 1571 682 1659 deliberemus,
709 1587 820 1664 atque
843 1573 888 1642 de
910 1599 1012 1642 aare

62 1675 244 1746 unanimes
267 1671 557 1740 consentiamus,
635 1672 704 1743 His
729 1673 884 1742 mitibus
913 1675 1013 1768 regis

63 1773 361 1864 Olaviaiioquiis,
389 1771 505 1840 animi
522 1773 743 1842 colonorum
756 1773 1013 1864 mitescebant,

65 1874 237 1965 colloquio
256 1874 361 1941 inter
381 1893 442 1939 eos
466 1871 587 1940 amice
606 1887 644 1940 et
671 1873 717 1962 ad
740 1874 1013 1944 reconciliatio*

63 2001 140 2045 nem
168 1972 364 2042 commode
397 1971 596 2060 instituto,
644 1972 914 2065 decretumque
946 1988 1014 2066 ast,

63 2091 100 2144 ut
111 2073 331 2144 sacrificium
345 2071 469 2140 media
485 2072 612 2140 hieme
625 2074 770 2144 Moeriae
784 2075 913 2164 fieret,
931 2076 1015 2166 squo

64 2197 121 2267 pro
138 2197 241 2268 more
258 2173 370 2242 solito
393 2193 522 2240 omnes
536 2185 710 2261 potentes
721 2175 846 2244 coloni
858 2189 900 2242 et
918 2177 1014 2267 opti·

66 2288 173 2344 mates
187 2289 234 2342 ex
254 2271 540 2344 ‘Phrandheimo
557 2272 821 2360 convenirent,
860 2273 1016 2366 ipseque

66 2377 268 2445 rorOlavus
286 2374 440 2442 adesset.
493 2371 676 2464 Skeggius
693 2395 833 2442 nomen
851 2389 931 2456 erat
952 2376 1017 2466 p'o«
1101 2384 1105 2392 ’

66 2476 150 2544 tanti
167 2476 320 2561 colono,
358 2472 428 2562 qui
450 2472 715 2564 Jarnsireggius
737 2473 815 2541 sire
834 2475 1017 2568 Skeggius
1060 2557 1063 2569 Κ

66 2575 220 2662 Yrjensis
238 2572 438 2661 dictusest,
455 2571 627 2640 habitans
641 2573 844 2666 Upphaugi
856 2575 898 2644 in
905 2575 1017 2662 Yrjis.¹

67 2678 97 2744 is
109 2677 250 2768 primus
262 2671 434 2741 omnium
446 2671 506 2739 his
515 2669 560 2739 in
571 2672 733 2743 comitiis
751 2685 1021 2770 contraregem

67 2780 202 2846 locutus
214 2785 289 2862 est,
316 2785 520 2862 auctorque
534 2773 1021 2864 eratcotonisffltchrjsriaa

69 2877 179 2945 nismo
218 2875 478 2956 resisteretur;
532 2869 635 2941 idem
668 2893 768 2942 unus
796 2872 839 2942 in
866 2875 1021 2944 summis

69 2976 322 3048 Thrandorum
352 2971 593 3063 optimatibus
623 2987 712 3042 erat.
780 2971 951 3048 Comitiis
969 2999 1024 3065 eo,-

70 3077 295 3166 qaodictutn
310 3087 379 3162 est,
394 3073 506 3141 modo
522 3071 661 3161 sinitis,
678 3073 805 3144 coloni
818 3075 867 3142 ad
886 3099 950 3159 sua
966 3099 1025 3144 re·
1098 3083 1103 3122 -’

69 3181 278 3264 verterunt,
310 3173 427 3242 Oiavo
448 3191 539 3266 rege
571 3172 760 3242 cumanis
790 3173 1026 3248 Nidarosi'arrt

68 3274 354 3369 petenteibique
371 3272 599 3342 considente.
671 3313 674 3318 ·
779 3315 805 3323 ·-
863 3311 866 3318 ‚

189 3444 364 3540 It'j'artcsn
392 3441 504 3522 Oiatai
520 3441 638 3533 filius
659 3413 896 3537 baptizatus.

164 3577 251 3668 Cap.
272 3581 345 3648 tas.
409 3575 486 3647 Hic
506 3597 574 3644 rex
598 3576 734 3646 Olavus
757 3575 950 3666 superiore
966 3603 1030 3649 au-

70 3691 195 3747 tumno
211 3677 306 3746 aedas
321 3673 442 3769 regias
461 3677 718 3764 exstruendas,
747 3699 931 3766 eoqueres
953 3701 1031 3750 om*

70 3799 130 3847 nes
162 3775 477 3868 ad··hiemandum
501 3777 727 3846 necessarias
745 3779 1030 3865 comportandas

72 3889 279 3960 curaverat,
304 3874 358 3942 ibi
374 3876 652 3966 quoqueaedem
666 3897 809 3948 sacram
827 3875 1032 3950 Clementis

72 3980 311 4066 excitaverat,
337 3997 418 4067 quae
434 3976 529 4046 aedes
543 3973 646 4046 *circa
660 3975 800 4048 testum
815 3979 962 4052 Jolense
973 3983 1034 4049 ab·

122 4099 218 4154 caol.
293 4117 295 4124 ’
342 4141 355 4148 ,.
483 4113 486 4118 ’
571 4113 574 4120 ’
815 4076 843 4146 C
884 4113 888 4120 ·
