2550 4772
335 215 396 310 34
620 242 888 298 ·-·-··--··--··
1127 234 1190 323 ‘163
1198 243 1225 304 c.

274 451 397 520 soluta
424 458 502 536 est,
533 443 576 514 in
604 466 678 535 qua
700 463 769 512 rex
787 457 827 514 et
835 443 1036 538 episeopus
1050 469 1133 519 rem
1149 451 1227 524 diri-

274 575 365 624 nam
389 547 494 619 feriis
515 545 724 617 Jolensibus
750 544 1004 616 administrari
1036 553 1226 624 constitue·

274 665 374 722 runt
426 647 553 720 Pridie
569 645 656 714 festi
670 646 828 716 Jolensis
836 649 991 733 Kjartan
1011 672 1098 718 suos
1114 653 1227 724 horta·

271 768 333 822 tus
348 764 421 838 est,
455 761 499 817 ut
510 761 627 815 noctu
643 759 839 838 surgentes
859 749 978 817 aedem
996 771 1140 820 sacram
1159 768 1226 825 tam

271 873 392 947 prope
413 847 655 933 accederent,
681 860 726 914 ut
746 847 950 936 rationem,
977 873 1051 940 qua
1064 852 1225 924 homines

272 949 465 1024 christiani
487 969 608 1016 sacras
630 946 810 1015 formulas
840 961 879 1015 et
905 951 1050 1020 cultum
1078 951 1225 1024 deosne

270 1062 510 1148 praestarent,
544 1047 715 1116 viderent
733 1051 761 1116 tc
776 1047 1005 1119 exaudirent.
1061 1051 1226 1142 Complu-

268 1176 329 1224 res
353 1149 493 1220 assensi
518 1163 626 1235 sunt,
663 1171 748 1216 rem
769 1167 916 1240 magnae
935 1153 1138 1242 voluptatis
1155 1155 1226 1224 fore

271 1253 506 1333 dictitantes5
540 1262 657 1316 noctu
674 1249 828 1333 Kjartan
841 1262 879 1315 et
893 1251 1035 1320 Bollius
1049 1257 1227 1344 templum

269 1355 426 1440 adeunt,
450 1349 654 1419 comitante
664 1348 861 1419 Halllredo
873 1349 1012 1419 Ottaris
1025 1348 1125 1442 silio,
1139 1357 1226 1424 mul·

265 1458 389 1544 tisque
406 1450 488 1519 aliis
501 1449 668 1518 Islandis.
707 1449 781 1519 Hic
796 1448 961 1520 sonitum
970 1475 1226 1542 campanarum

268 1556 495 1642 dulcemque
535 1564 689 1618 cantum
721 1548 964 1640 audiverunt,
1012 1575 1225 1646 svavemque

267 1657 423 1726 odorem
435 1650 557 1720 thuris
574 1648 929 1720 animadverterunt.
1003 1653 1143 1723 Islandi
1157 1678 1226 1724 non

266 1755 372 1850 prius
396 1752 525 1820 domos
547 1771 630 1818 suas
645 1763 902 1839 reverterunt,
930 1770 1043 1841 quam
1060 1755 1225 1844 sequenti

268 1856 328 1926 die
345 1865 429 1942 post
442 1852 596 1920 missam
614 1850 961 1920 antemeridianam.
1016 1854 1117 1948 Quos
1132 1855 1225 1924 inter

258 1975 395 2046 magna
404 1965 486 2020 orta
495 1963 552 2018 est
562 1949 947 2040 disceptatiodemore
955 1951 1108 2046 rituque
1116 1955 1225 2024 chris·

262 2057 454 2124 tianorum
471 2050 689 2138 hominum,
721 2050 804 2118 aliis
818 2051 891 2119 alia
906 2052 977 2120 hac
995 2053 1041 2122 de
1057 2075 1101 2124 re
1117 2056 1224 2125 senti·

264 2154 423 2225 entibus.
497 2151 668 2224 Tandem
685 2151 859 2239 Kjartan,
898 2152 988 2242 quid
1014 2153 1061 2223 de
1084 2155 1224 2226 ratione

263 2253 554 2326 christianorum
568 2249 774 2338 judicaret,
794 2251 1066 2345 interrogatum
1087 2255 1224 2326 mirum

262 2369 465 2448 quantum,
499 2342 639 2440 inquit,
674 2350 770 2418 mihi
792 2373 925 2420 eorum
946 2353 1041 2422 ritus
1064 2357 1222 2446 placent,

261 2477 382 2544 eoque
402 2455 508 2542 plus,
542 2473 616 2540 quo
637 2448 734 2516 mihi
753 2449 997 2522 innotescunt
1013 2455 1155 2548 magis,
1189 2469 1223 2526 et

260 2553 357 2624 mihi
373 2551 526 2642 quidem
541 2569 688 2638 semper
698 2571 764 2618 rex
781 2552 907 2640 specie
920 2575 1056 2647 magna
1069 2556 1223 2646 promit-

258 2669 341 2722 tere
356 2652 454 2720 visus
473 2663 544 2736 est,
583 2649 695 2716 hodie
717 2663 844 2720 autem
864 2654 990 2720 vultus
1003 2656 1082 2740 ejus
1104 2659 1222 2726 multo

257 2769 370 2844 atque
390 2764 498 2820 antea
510 2749 794 2841 augustissimus
813 2753 1005 2842 apparuit,
1040 2767 1222 2848 quaprop·

256 2867 315 2922 ter
332 2873 394 2922 eos
411 2849 546 2922 melius
562 2849 684 2918 facere
695 2850 840 2938 judico,
868 2853 933 2942 qui
950 2853 985 2922 ei
1001 2877 1149 2926 morem
1162 2877 1221 2949 ge.

255 2968 341 3028 rant
356 2966 393 3022 et
407 2951 573 3036 libenter¹
592 2949 760 3018 officium
779 2949 970 3038 deferant5
1012 2969 1068 3043 et,
1101 2969 1146 3026 ut
1163 2979 1221 3025 ve-

255 3077 341 3124 rum
358 3052 500 3138 dicam,
527 3050 615 3118 inde
630 3072 688 3118 res
710 3063 854 3134 nostras
868 3066 906 3121 et
920 3051 1113 3128 fortunam·
1130 3077 1220 3147 pen·

254 3155 342 3224 dere
357 3152 532 3239 arbitror,
549 3163 603 3239 ut,
623 3151 933 3242 quempraedicat,
950 3154 1019 3224 deo
1033 3155 1220 3226 fidemha-

252 3256 418 3325 beamus.
472 3256 580 3323 Nunc
601 3275 663 3319 me
682 3251 784 3334 nihil
801 3251 978 3344 abstinet,
1004 3279 1080 3346 quo
1093 3257 1219 3326 minus

253 3353 382 3423 statim
411 3367 541 3442 regem
562 3351 738 3418 accedam
760 3365 797 3418 et
820 3351 1000 3441 baptizari
1015 3359 1218 3445 postulem,

251 3453 325 3524 nisi
351 3452 390 3520 id
410 3452 552 3538 solum,
593 3445 692 3540 quod
718 3467 848 3544 regem
869 3453 916 3522 ad
938 3469 1087 3527 coenam
1107 3453 1219 3526 ivisse

250 3567 366 3646 puto,
413 3564 451 3620 et
470 3550 570 3640 quod
593 3550 675 3643 regi
702 3564 739 3618 et
762 3551 973 3636 christianis
1002 3555 1218 3636 doctoribus

199 3695 203 3704 ·
251 3652 382 3747 (saeris
410 3649 606 3740 ministris)
630 3651 699 3718 hac
727 3651 807 3740 die,
847 3661 961 3742 quem
990 3656 1218 3745 primarium

248 3755 306 3824 sui
330 3753 390 3822 dei
409 3751 550 3820 festum
571 3753 779 3841 appellant,
818 3753 1015 3844 negotium
1031 3755 1217 3828 lacessere

246 3855 334 3925 nolo
350 3877 360 3938 5
389 3851 531 3920 etenim
550 3851 701 3918 credere
714 3873 782 3940 par
798 3865 873 3941 est,
899 3855 1012 3923 multi
1028 3858 1218 3928 esselabo-

248 3955 323 4042 sis,
360 3951 399 4020 id
421 3949 589 4018 officium
610 3951 705 4018 mihi
728 3951 912 4042 sociisque
931 3958 1105 4026 omnibus
1120 3981 1216 4050 prae-

246 4069 360 4143 stare,
388 4045 584 4140 diemque,
609 4071 682 4140 quo
698 4041 863 4122 universi
877 4045 1123 4150 baptizemur,
1154 4065 1214 4131 ec·
