2508 4766
56 235 113 304 214
124 238 158 338 c·
866 219 958 312 1175:-

54 446 257 536 secundum
283 442 416 521 littora
437 443 626 538 persecuti
647 459 765 545 sunta
790 471 856 530 ren
872 449 1015 533 -Olovtts,

51 552 124 620 hoc
146 565 327 623 autumno
353 547 476 637 ‚copias
509 567 594 617 suas
617 547 659 616 in
688 550 1014 630 Thtandheimum

54 651 166 738 duxit,
189 647 467 730 etNidarosiam
477 647 683 735 contendit,
703 671 777 739 quo
795 673 859 730 res¹
874 651 920 726 ad
934 651 1013 720 hie·

50 751 228 823 mandum
240 747 465 832 necessarias
486 748 681 818 contraxit.

50 917 170 990 Hroll
170 941 312 1026 angos,
336 913 478 1010 filino
517 909 741 1010 Ito‘gnv'aldi
782 917 1015 988 Moeriarz'tm

152 1031 154 1040 '
241 1021 437 1112 satrapae,
472 1015 531 1084 1³
515 1015 689 1086 antliam
715 1015 811 1086 adit.

150 1149 236 1240 Cap
247 1155 319 1222 214
358 1152 439 1221 Rex
454 1147 640 1224 Haraldus
655 1149 1015 1240 pulcr1contuS,toto
1206 1206 1208 1214 .
1246 1161 1248 1170 ’

52 1251 245 1342 Notvegiae
258 1270 376 1342 regno
388 1249 541 1340 potituS,
559 1272 645 1318 enm
656 1249 823 1332 convivio
838 1253 883 1320 ab
893 1253 1015 1342 R'ogn-

52 1350 156 1418 valdo
171 1349 394 1432 Moeriavum
410 1363 554 1440 satrapa
568 1349 832 1438 adhiberetur,
856 1350 911 1418 ibi
926 1349 1016 1418 lavit
1109 1419 1112 1426 ,

53 1464 90 1517 et
102 1449 257 1539 capillos
268 1449 370 1540 pecti
387 1447 496 1534 iecit,
521 1463 603 1518 tum
618 1450 853 1541 Rognvaldus
871 1463 1017 1540 satrapa

54 1573 198 1618 comam
216 1549 296 1636 ejus
308 1547 492 1638 totondit,
517 1571 605 1618 cum
621 1563 707 1634 ante
724 1549 937 1640 perdecem
954 1573 1016 1631 an*-¹

51 1672 116 1719 nos
141 1649 289 1718 intonsa
307 1649 457 1740 fuisset,
484 1672 599 1740 quare
614 1649 799 1734 Haraldus
815 1649 910 1718 Lufa
931 1649 1017 1742 (cri-

51 1773 116 1819 nes
133 1749 321 1842 horridus)
334 1763 393 1834 ¹est
410 1750 639 1840 appellatus,
666 1750 840 1840 deinceps
857 1773 946 1818 vero
964 1771 1017 1818 sa-

51 1864 156 1940 trapa
175 1850 398 1942 cognomine
418 1874 506 1921 eum
522 1849 715 1943 insignivit
731 1850 1018 1938 Haraldnmque

51 1949 327 2041 puloricommn
347 1949 583 2040 appellavit,¹
603 1950 704 2042 quod
719 1974 860 2032 nomen
877 1973 1018 2038 omnes,

53 2049 117 2139 qui
137 2073 225 2118 eum
238 2048 435 2138 videbant,
460 2047 607 2118 veritati
622 2051 783 2134 maxime
812 2071 1019 2142 congruere

52 2151 283 2234 fatebantur,
302 2151 464 2221 ,ornabat
473 2149 575 2218 enim
590 2174 678 2218 eum
690 2173 766 2218 non
778 2150 902 2220 minus
913 2170 1017 2242 mag-

54 2273 122 2336 na,
155 2271 270 2338 quam
292 2247 424 2330 decora
445 2272 560 2319 coma.
620 2252 709 2330 Post
736 2250 927 2340 aliquanto
951 2271 1017 2334 reat

53 2349 258 2436 Haraldus,
300 2349 417 2438 copiis
440 2372 543 2418 mare
572 2349 803 2418 occidentale
825 2349 1017 2436 traductis,

54 2449 222 2542 ingentia
245 2447 298 2534 ibi
318 2470 434 2542 regna
458 2449 525 2520 sub
541 2449 721 2523 ditionem
736 2471 843 2532 suam
861 2449 1018 2542 redegit,

54 2563 96 2617 ut
112 2563 499 2642 supramemoratum.
553 2553 650 2625 Ante
664 2573 751 2618 vero
769 2573 880 2641 quam
899 2551 944 2620 ab
959 2571 1020 2618 oc·

55 2647 200 2718 cidente
223 2663 458 2738 reverteret,
477 2637 667 2743 Orkneyas
691 2664 742 2720 et
749 2653 822 2737 Hja
824 2649 1021 2732 ltlandiant

54 2749 223 2844 R'ognval
209 2747 271 2818 ldo
295 2762 546 2840 satrapae,m
572 2751 824 2841 expiationem
844 2750 961 2820 caedis
979 2749 1021 2816 fi·

54 2849 97 2918 lii
120 2849 180 2940 ¹),
208 2847 305 2916 dono
324 2843 434 2918 dedit.
455 2849 684 2942 Signrdus,
709 2852 824 2922 frater
837 2850 1022 2942 Rognval
1113 2921 1115 2924 .

56 2949 113 3037 di,
147 2947 207 3018 his
236 2949 344 3019 terris
361 2965 515 3040 satrapae
526 2949 708 3044 dignitate
715 2949 920 3042 praefectus
940 2963 1021 3034 est,

56 3049 305 3143 Rognvaldaa
317 3073 404 3120 vero
426 3063 571 3140 satrapa
596 3073 684 3122 cum
697 3051 861 3124 Haraldo
879 3071 967 3142 rege
984 3072 1023 3118 o·

55 3151 222 3224 rientem
234 3171 361 3224 versus
376 3149 416 3220 in
431 3151 657 3244 Norvegiam
674 3151 803 3239 rediit,
831 3149 916 3218 etin
928 3171 1023 3242 proe-

55 3251 203 3320 fectura
219 3273 284 3331 sua
305 3273 343 3318 se
355 3250 552 3320 continuit.
585 3331 587 3338 Α
617 3251 712 3321 Cum
724 3273 822 3336 vero
841 3250 1044 3344 Rdgnval·'

56 3351 124 3418 dus
141 3365 286 3442 satrapa
304 3350 444 3420 cadem
459 3350 608 3444 Sigurdi
622 3349 798 3443 satrapae,
812 3349 937 3434 fratris
952 3349 1023 3438 ¹sui,

56 3450 276 3539 audivisset,
302 3451 503 3529 Heliadum
515 3452 637 3522 filium
651 3453 883 3525 occidentem
899 3471 1027 3520 versus

55 3553 96 3620 in
119 3551 314 3643 Orkneyas
336 3550 457 3633 misit,
484 3552 516 3619 is
532 3575 619 3622 vero
636 3545 719 3620 sese
738 3573 756 3622 e
774 3552 955 3646 dignitate
972 3573 1027 3627 sa-

54 3665 173 3742 trapae
188 3650 404 3727 devolvebat
421 3651 469 3742 ²),
494 3674 567 3742 quo
581 3651 683 3722 'faveto
701 3654 886 3722 orientem
899 3671 1028 3718 versus

55 3751 103 3822 ad
129 3764 280 3842 patrem
301 3751 424 3838 tediit.
493 3751 567 3824 Hic
608 3753 843 3846 Rdgnvaldus
870 3765 1027 3842 satrapa,

56 3982 86 4052 ¹)
97 3985 130 4036 in
144 3981 290 4034 mercedem
302 3985 454 4052 tonandam,
474 3981 504 4037 F.
515 3983 548 4036 S
586 3979 773 4054 ²)eaempltun
786 3981 861 4048 hujus
875 3983 953 4038 motii
967 3977 1030 4033 vido

94 4072 232 4124 Heimoluu
247 4074 327 4126 vitam
339 4075 401 4129 Har·
415 4076 516 4142 Palatio
524 4093 542 4142 ιΔ
552 4085 608 4146 ca'p·
618 4075 644 4128 8.
